<?xml version="1.0" encoding="UTF-8"?>
<collection><record><leader>00207dam  22000733u 4500</leader><controlfield tag="008">260304s        xx            000 0 eng d</controlfield><controlfield tag="005">20260304211851.0</controlfield><controlfield tag="001">99131774991106421</controlfield><datafield tag="245" ind1="1" ind2="0"><subfield code="a">[No Restrictions] LE DOUBLE, L'OMBRE, LE REFLET [HD]</subfield></datafield><datafield tag="852" ind1="0" ind2=" "><subfield code="b">RES_SHARE</subfield><subfield code="c">OUT_RS_REQ</subfield><subfield code="8">221104409240006421</subfield></datafield><datafield tag="952" ind1=" " ind2=" "><subfield code="d">2026-03-05 02:18:52</subfield><subfield code="8">221104409240006421</subfield><subfield code="a">2026-03-05 02:18:52</subfield><subfield code="b">Resource Sharing Library</subfield><subfield code="c">Borrowing Resource Sharing Requests</subfield><subfield code="e">false</subfield></datafield></record>