<record><leader>02507cam a2200457 i 4500</leader><controlfield tag="005">20240718074300.0</controlfield><controlfield tag="008">130122s2013    ncu      b    001 0 eng  </controlfield><controlfield tag="001">9976221313506421</controlfield><datafield tag="010" ind1=" " ind2=" "><subfield code="a">  2012049444</subfield></datafield><datafield tag="020" ind1=" " ind2=" "><subfield code="a">9780786466535 (softcover : alk. paper)</subfield></datafield><datafield tag="020" ind1=" " ind2=" "><subfield code="a">0786466537 (softcover : alk. paper)</subfield></datafield><datafield tag="024" ind1="8" ind2=" "><subfield code="a">40022033841</subfield></datafield><datafield tag="035" ind1=" " ind2=" "><subfield code="a">(NjP)7622131-princetondb</subfield></datafield><datafield tag="035" ind1=" " ind2=" "><subfield code="z">(NjP)Voyager7622131</subfield></datafield><datafield tag="035" ind1=" " ind2=" "><subfield code="a">(OCoLC)ocn809412111</subfield></datafield><datafield tag="040" ind1=" " ind2=" "><subfield code="a">DLC</subfield><subfield code="b">eng</subfield><subfield code="e">rda</subfield><subfield code="c">DLC</subfield><subfield code="d">YDX</subfield><subfield code="d">YDXCP</subfield><subfield code="d">BTCTA</subfield><subfield code="d">OCLCO</subfield><subfield code="d">BDX</subfield><subfield code="d">BWX</subfield><subfield code="d">YUS</subfield><subfield code="d">OCLCQ</subfield></datafield><datafield tag="042" ind1=" " ind2=" "><subfield code="a">pcc</subfield></datafield><datafield tag="049" ind1=" " ind2=" "><subfield code="a">PULL</subfield></datafield><datafield tag="050" ind1="0" ind2="0"><subfield code="a">PN3433.6</subfield><subfield code="b">.L38 2013</subfield></datafield><datafield tag="082" ind1="0" ind2="0"><subfield code="a">809.3/8762</subfield><subfield code="2">23</subfield></datafield><datafield tag="100" ind1="1" ind2=" "><subfield code="a">Lavigne, Carlen,</subfield><subfield code="d">1976-</subfield><subfield code="0">http://id.loc.gov/authorities/names/n2010071050</subfield></datafield><datafield tag="245" ind1="1" ind2="0"><subfield code="a">Cyberpunk women, feminism and science fiction :</subfield><subfield code="b">a critical study /</subfield><subfield code="c">Carlen Lavigne.</subfield></datafield><datafield tag="264" ind1=" " ind2="1"><subfield code="a">Jefferson, North Carolina :</subfield><subfield code="b">McFarland &amp; Company, Inc., Publishers,</subfield><subfield code="c">[2013]</subfield></datafield><datafield tag="300" ind1=" " ind2=" "><subfield code="a">vii, 204 pages ;</subfield><subfield code="c">23 cm</subfield></datafield><datafield tag="336" ind1=" " ind2=" "><subfield code="a">text</subfield><subfield code="b">txt</subfield><subfield code="2">rdacontent</subfield></datafield><datafield tag="337" ind1=" " ind2=" "><subfield code="a">unmediated</subfield><subfield code="b">n</subfield><subfield code="2">rdamedia</subfield></datafield><datafield tag="338" ind1=" " ind2=" "><subfield code="a">volume</subfield><subfield code="b">nc</subfield><subfield code="2">rdacarrier</subfield></datafield><datafield tag="504" ind1=" " ind2=" "><subfield code="a">Includes bibliographical references and index.</subfield></datafield><datafield tag="520" ind1=" " ind2=" "><subfield code="a">"Chapters cover topics such as globalization, virtual reality, cyborg culture, environmentalism, religion, motherhood and queer rights. Interviews with feminist cyberpunk authors are provided, revealing their motivations for writing and their experiences with fans. The study treats feminist cyberpunk as a vehicle for examining contemporary women's issues and analyzes feminist science fiction as a source of political ideas"--Provided by publisher.</subfield></datafield><datafield tag="650" ind1=" " ind2="0"><subfield code="a">Science fiction</subfield><subfield code="x">History and criticism.</subfield><subfield code="0">http://id.loc.gov/authorities/subjects/sh85118631</subfield></datafield><datafield tag="650" ind1=" " ind2="0"><subfield code="a">Cyberpunk culture.</subfield><subfield code="0">http://id.loc.gov/authorities/subjects/sh2001000292</subfield></datafield><datafield tag="650" ind1=" " ind2="0"><subfield code="a">Women in literature.</subfield><subfield code="0">http://id.loc.gov/authorities/subjects/sh85147587</subfield></datafield><datafield tag="650" ind1=" " ind2="0"><subfield code="a">Science fiction</subfield><subfield code="x">Women authors</subfield><subfield code="x">History and criticism.</subfield></datafield><datafield tag="650" ind1=" " ind2="0"><subfield code="a">Women authors</subfield><subfield code="v">Interviews.</subfield></datafield><datafield tag="650" ind1=" " ind2="0"><subfield code="a">Feminism and literature.</subfield><subfield code="0">http://id.loc.gov/authorities/subjects/sh85047747</subfield></datafield><datafield tag="650" ind1=" " ind2="0"><subfield code="a">Literature and technology.</subfield><subfield code="0">http://id.loc.gov/authorities/subjects/sh85077575</subfield></datafield><datafield tag="650" ind1=" " ind2="0"><subfield code="a">Postmodernism (Literature)</subfield><subfield code="0">http://id.loc.gov/authorities/subjects/sh89000478</subfield></datafield><datafield tag="655" ind1=" " ind2="7"><subfield code="a">Interviews.</subfield><subfield code="2">lcgft</subfield><subfield code="0">http://id.loc.gov/authorities/genreForms/gf2014026115</subfield></datafield><datafield tag="902" ind1=" " ind2=" "><subfield code="a">bwl</subfield><subfield code="b">s</subfield><subfield code="6">a</subfield><subfield code="7">m</subfield><subfield code="d">v</subfield><subfield code="f">1</subfield><subfield code="e">20130715</subfield></datafield><datafield tag="904" ind1=" " ind2=" "><subfield code="a">bwl</subfield><subfield code="b">a</subfield><subfield code="h">m</subfield><subfield code="c">b</subfield><subfield code="e">20130715</subfield></datafield><datafield tag="914" ind1=" " ind2=" "><subfield code="a">(OCoLC)ocn809412111</subfield><subfield code="b">OCoLC</subfield><subfield code="c">match</subfield><subfield code="d">20240717</subfield><subfield code="e">processed</subfield><subfield code="f">809412111</subfield></datafield><datafield tag="950" ind1=" " ind2=" "><subfield code="c">2024-07-18 07:43:00 US/Eastern</subfield><subfield code="b">2021-07-13 09:24:16 US/Eastern</subfield><subfield code="a">false</subfield></datafield><datafield tag="852" ind1="0" ind2=" "><subfield code="b">firestone</subfield><subfield code="c">stacks</subfield><subfield code="h">PN3433.6</subfield><subfield code="i">.L38 2013</subfield><subfield code="8">22751094750006421</subfield></datafield><datafield tag="952" ind1=" " ind2=" "><subfield code="a">2021-07-13 13:24:16</subfield><subfield code="8">22751094750006421</subfield><subfield code="b">Firestone Library</subfield><subfield code="c">stacks: Firestone Library</subfield><subfield code="e">false</subfield></datafield><datafield tag="876" ind1=" " ind2=" "><subfield code="0">22751094750006421</subfield><subfield code="j">0</subfield><subfield code="x">LOAN</subfield><subfield code="z">stacks</subfield><subfield code="p">32101092080850</subfield><subfield code="t">1</subfield><subfield code="a">23751094740006421</subfield><subfield code="d">2013-07-14 20:00:00 US/Eastern</subfield><subfield code="q">2013-07-15 06:59:00 US/Eastern</subfield><subfield code="y">firestone</subfield></datafield></record>