<record><leader>02567cas a2200565Ia 4500</leader><controlfield tag="005">20240904110459.0</controlfield><controlfield tag="008">970825c19839999cc sr p       0   e0chi d</controlfield><controlfield tag="001">9931536403506421</controlfield><datafield tag="022" ind1=" " ind2=" "><subfield code="a">1000-7296</subfield></datafield><datafield tag="035" ind1=" " ind2=" "><subfield code="a">(CStRLIN)NJPX97-S278</subfield></datafield><datafield tag="035" ind1=" " ind2=" "><subfield code="a">(NjP)3153640-princetondb</subfield></datafield><datafield tag="035" ind1=" " ind2=" "><subfield code="a">(OCoLC)ocm44857503</subfield></datafield><datafield tag="035" ind1=" " ind2=" "><subfield code="z">(NjP)Voyager3153640</subfield></datafield><datafield tag="040" ind1=" " ind2=" "><subfield code="a">CU</subfield><subfield code="b">eng</subfield><subfield code="c">PULEA</subfield><subfield code="d">PULEA</subfield></datafield><datafield tag="049" ind1=" " ind2=" "><subfield code="a">MAIN</subfield></datafield><datafield tag="090" ind1=" " ind2=" "><subfield code="a">AP95.C4</subfield><subfield code="b">T865</subfield></datafield><datafield tag="245" ind1="0" ind2="0"><subfield code="6">880-01</subfield><subfield code="a">Dong xi nan bei.</subfield></datafield><datafield tag="880" ind1="0" ind2="0"><subfield code="6">245-01</subfield><subfield code="a">东西南北.</subfield></datafield><datafield tag="246" ind1="3" ind2=" "><subfield code="a">People</subfield></datafield><datafield tag="246" ind1="3" ind2=" "><subfield code="a">Dong xi nan bei</subfield></datafield><datafield tag="246" ind1="3" ind2=" "><subfield code="a">Dongxi nanbei</subfield></datafield><datafield tag="246" ind1="3" ind2=" "><subfield code="a">Dongxinanbei</subfield></datafield><datafield tag="246" ind1="3" ind2=" "><subfield code="a">Dong xinan bei</subfield></datafield><datafield tag="246" ind1="3" ind2=" "><subfield code="a">East west south north</subfield></datafield><datafield tag="246" ind1="3" ind2=" "><subfield code="a">East west southnorth</subfield></datafield><datafield tag="260" ind1=" " ind2=" "><subfield code="6">880-02</subfield><subfield code="a">Changchun Shi :</subfield><subfield code="b">Jilin ri bao she,</subfield><subfield code="c">1983-</subfield></datafield><datafield tag="880" ind1=" " ind2=" "><subfield code="6">260-02</subfield><subfield code="a">长春市 :</subfield><subfield code="b">吉林日报社,</subfield><subfield code="c">1983-</subfield></datafield><datafield tag="300" ind1=" " ind2=" "><subfield code="a">v. :</subfield><subfield code="b">ill. ;</subfield><subfield code="c">26-27 cm.</subfield></datafield><datafield tag="310" ind1=" " ind2=" "><subfield code="a">Semimonthly,</subfield><subfield code="b">2011-</subfield></datafield><datafield tag="321" ind1=" " ind2=" "><subfield code="a">Monthly,</subfield><subfield code="b">1983-2010</subfield></datafield><datafield tag="362" ind1="0" ind2=" "><subfield code="a">[1] (1983.5)-</subfield></datafield><datafield tag="500" ind1=" " ind2=" "><subfield code="a">Title from cover.</subfield></datafield><datafield tag="500" ind1=" " ind2=" "><subfield code="6">880-03</subfield><subfield code="a">Latest issue consulted: Zong di 272 qi (2005/12) = 2005 nian di 12 qi.</subfield></datafield><datafield tag="880" ind1=" " ind2=" "><subfield code="6">500-03</subfield><subfield code="a">Latest issue consulted: 总第272期 (2005/12) = 2005年第12期</subfield></datafield><datafield tag="515" ind1=" " ind2=" "><subfield code="6">880-04</subfield><subfield code="a">Issue for May 1983 called Chuang kan hao.</subfield></datafield><datafield tag="880" ind1=" " ind2=" "><subfield code="6">515-04</subfield><subfield code="a">Issue for May 1983 called 创刊号.</subfield></datafield><datafield tag="515" ind1=" " ind2=" "><subfield code="6">880-05</subfield><subfield code="a">Issues for 1987- also called 1987 nian di 1 qi-</subfield></datafield><datafield tag="880" ind1=" " ind2=" "><subfield code="6">515-05</subfield><subfield code="a">Issues for 1987- also called 1987年第1期-</subfield></datafield><datafield tag="515" ind1=" " ind2=" "><subfield code="a">Some issues combined.</subfield></datafield><datafield tag="550" ind1=" " ind2=" "><subfield code="6">880-06</subfield><subfield code="a">Issues for Dec. 2004- issued by: Jilin ri bao bao ye ji tuan.</subfield></datafield><datafield tag="880" ind1=" " ind2=" "><subfield code="6">550-06</subfield><subfield code="a">Issues for Dec. 2004- issued by: 吉林日报报业集团.</subfield></datafield><datafield tag="583" ind1="1" ind2=" "><subfield code="a">committed to retain</subfield><subfield code="d">in perpetuity</subfield><subfield code="f">ReCAP</subfield><subfield code="f">Chinese Serials Collaborative Collection</subfield><subfield code="5">[MH, NjP, NN, or NNC]</subfield><subfield code="u">http://arks.princeton.edu/ark:/88435/dcxg94j1575</subfield></datafield><datafield tag="710" ind1="2" ind2=" "><subfield code="6">880-07</subfield><subfield code="a">Jilin ri bao she.</subfield><subfield code="0">http://id.loc.gov/authorities/names/no91022969</subfield></datafield><datafield tag="880" ind1="2" ind2=" "><subfield code="6">710-07</subfield><subfield code="a">吉林日报社.</subfield></datafield><datafield tag="710" ind1="2" ind2=" "><subfield code="6">880-08</subfield><subfield code="a">Jilin ri bao bao ye ji tuan.</subfield></datafield><datafield tag="880" ind1="2" ind2=" "><subfield code="6">710-08</subfield><subfield code="a">吉林日报报业集团.</subfield></datafield><datafield tag="852" ind1="0" ind2=" "><subfield code="a">NjP-G</subfield><subfield code="b">C</subfield><subfield code="h">AP95.C4</subfield><subfield code="i">T865</subfield><subfield code="p">32101033236264</subfield><subfield code="t">1</subfield><subfield code="x">CNPITC 1-4-97</subfield><subfield code="x">CIN=CSW; OID=CSW</subfield><subfield code="z">Library has: No.153 (1996)-188 (1998)</subfield></datafield><datafield tag="914" ind1=" " ind2=" "><subfield code="a">(OCoLC)ocm44857503</subfield><subfield code="b">OCoLC</subfield><subfield code="c">match</subfield><subfield code="d">20221117</subfield><subfield code="e">processed</subfield><subfield code="f">44857503</subfield></datafield><datafield tag="979" ind1=" " ind2=" "><subfield code="a">(OCoLC)ocn153851390</subfield></datafield><datafield tag="994" ind1=" " ind2=" "><subfield code="a">C0</subfield><subfield code="b">PULEA</subfield></datafield><datafield tag="950" ind1=" " ind2=" "><subfield code="c">2024-09-04 11:04:59 US/Eastern</subfield><subfield code="b">2021-07-12 21:36:44 US/Eastern</subfield><subfield code="a">false</subfield></datafield><datafield tag="852" ind1="0" ind2=" "><subfield code="b">recap</subfield><subfield code="c">pa</subfield><subfield code="h">AP95.C4</subfield><subfield code="i">T865</subfield><subfield code="8">22623959240006421</subfield></datafield><datafield tag="866" ind1=" " ind2="0"><subfield code="a">No. 1 (1983)-no. 476 (2016)</subfield><subfield code="8">22623959240006421</subfield></datafield><datafield tag="866" ind1=" " ind2="0"><subfield code="z">Xerox copy:  No. 55-133, 135, 137-139, 141-152 (1987-1995)</subfield><subfield code="8">22623959240006421</subfield></datafield><datafield tag="866" ind1=" " ind2="0"><subfield code="z">LACKS: no. 134, 136, 140</subfield><subfield code="8">22623959240006421</subfield></datafield><datafield tag="952" ind1=" " ind2=" "><subfield code="d">2024-05-16 18:10:29</subfield><subfield code="8">22623959240006421</subfield><subfield code="a">2021-07-13 01:36:44</subfield><subfield code="b">ReCAP</subfield><subfield code="c">rcppa: RECAP</subfield><subfield code="e">false</subfield></datafield><datafield tag="852" ind1="0" ind2=" "><subfield code="b">eastasian</subfield><subfield code="c">cjk</subfield><subfield code="h">AP95.C4</subfield><subfield code="i">T865</subfield><subfield code="8">22623959570006421</subfield></datafield><datafield tag="866" ind1=" " ind2="0"><subfield code="a">No. 477 (2017)-no. 524 (2018) ; 2019 no. 1-2024 no. 16</subfield><subfield code="8">22623959570006421</subfield></datafield><datafield tag="866" ind1=" " ind2="0"><subfield code="z">LACKS: 2020 no. 1; 2022 no. 11, 13-24</subfield><subfield code="8">22623959570006421</subfield></datafield><datafield tag="866" ind1=" " ind2="0"><subfield code="z">CURRENT ISSUES IN: East Asian Library (Gest)</subfield><subfield code="8">22623959570006421</subfield></datafield><datafield tag="952" ind1=" " ind2=" "><subfield code="d">2025-10-07 13:18:36</subfield><subfield code="8">22623959570006421</subfield><subfield code="a">2021-07-13 01:36:44</subfield><subfield code="b">East Asian Library</subfield><subfield code="c">cjk: East Asian Library</subfield><subfield code="e">false</subfield></datafield><datafield tag="876" ind1=" " ind2=" "><subfield code="0">22623959240006421</subfield><subfield code="j">1</subfield><subfield code="z">pa</subfield><subfield code="p">32101086669999</subfield><subfield code="t">1</subfield><subfield code="a">23623958910006421</subfield><subfield code="3">no.405-412 2014</subfield><subfield code="d">2014-12-15 19:00:00 US/Eastern</subfield><subfield code="q">2014-12-16 05:59:00 US/Eastern</subfield><subfield code="y">recap</subfield></datafield><datafield tag="876" ind1=" " ind2=" "><subfield code="0">22623959240006421</subfield><subfield code="j">1</subfield><subfield code="z">pa</subfield><subfield code="p">32101090101344</subfield><subfield code="t">1</subfield><subfield code="a">23623958750006421</subfield><subfield code="3">no.365-372 2012</subfield><subfield code="d">2013-07-23 20:00:00 US/Eastern</subfield><subfield code="q">2013-07-24 06:59:00 US/Eastern</subfield><subfield code="y">recap</subfield></datafield><datafield tag="876" ind1=" " ind2=" "><subfield code="0">22623959240006421</subfield><subfield code="j">1</subfield><subfield code="z">pa</subfield><subfield code="p">32101086656608</subfield><subfield code="t">1</subfield><subfield code="a">23623958720006421</subfield><subfield code="3">no.389-396 2013</subfield><subfield code="d">2014-03-19 20:00:00 US/Eastern</subfield><subfield code="q">2014-03-20 06:59:00 US/Eastern</subfield><subfield code="y">recap</subfield></datafield><datafield tag="876" ind1=" " ind2=" "><subfield code="0">22623959240006421</subfield><subfield code="j">1</subfield><subfield code="z">pa</subfield><subfield code="p">32101090101336</subfield><subfield code="t">1</subfield><subfield code="a">23623958760006421</subfield><subfield code="3">no.357-364 2012</subfield><subfield code="d">2013-07-23 20:00:00 US/Eastern</subfield><subfield code="q">2013-07-24 06:59:00 US/Eastern</subfield><subfield code="y">recap</subfield></datafield><datafield tag="876" ind1=" " ind2=" "><subfield code="0">22623959240006421</subfield><subfield code="j">1</subfield><subfield code="z">pa</subfield><subfield code="p">32101059149722</subfield><subfield code="t">1</subfield><subfield code="a">23623958770006421</subfield><subfield code="3">no.57-68 1988</subfield><subfield code="d">2006-07-18 20:00:00 US/Eastern</subfield><subfield code="q">2006-07-19 06:59:00 US/Eastern</subfield><subfield code="y">recap</subfield></datafield><datafield tag="876" ind1=" " ind2=" "><subfield code="0">22623959240006421</subfield><subfield code="j">1</subfield><subfield code="z">pa</subfield><subfield code="p">32101056741356</subfield><subfield code="t">1</subfield><subfield code="a">23623958780006421</subfield><subfield code="3">no.141-152 1995</subfield><subfield code="d">2005-06-19 20:00:00 US/Eastern</subfield><subfield code="q">2005-06-20 06:59:00 US/Eastern</subfield><subfield code="y">recap</subfield></datafield><datafield tag="876" ind1=" " ind2=" "><subfield code="0">22623959240006421</subfield><subfield code="j">1</subfield><subfield code="z">pa</subfield><subfield code="p">32101095213417</subfield><subfield code="t">1</subfield><subfield code="a">23623958700006421</subfield><subfield code="3">no.437-444 2015</subfield><subfield code="d">2016-12-08 19:00:00 US/Eastern</subfield><subfield code="q">2016-12-09 05:59:00 US/Eastern</subfield><subfield code="y">recap</subfield></datafield><datafield tag="876" ind1=" " ind2=" "><subfield code="0">22623959240006421</subfield><subfield code="j">1</subfield><subfield code="z">pa</subfield><subfield code="p">32101081849281</subfield><subfield code="t">1</subfield><subfield code="a">23623958980006421</subfield><subfield code="3">no.333-344 2011</subfield><subfield code="d">2012-02-23 19:00:00 US/Eastern</subfield><subfield code="q">2012-02-24 05:59:00 US/Eastern</subfield><subfield code="y">recap</subfield></datafield><datafield tag="876" ind1=" " ind2=" "><subfield code="0">22623959570006421</subfield><subfield code="j">1</subfield><subfield code="z">cjk</subfield><subfield code="p">32101108674977</subfield><subfield code="a">23917224410006421</subfield><subfield code="3">2020 no. 2-8 </subfield><subfield code="d">2022-02-23 15:24:34 US/Eastern</subfield><subfield code="q">2022-02-23 15:25:00 US/Eastern</subfield><subfield code="y">eastasian</subfield></datafield><datafield tag="876" ind1=" " ind2=" "><subfield code="0">22623959570006421</subfield><subfield code="j">1</subfield><subfield code="z">cjk</subfield><subfield code="p">32101108674969</subfield><subfield code="a">23917224400006421</subfield><subfield code="3">2020 no. 9-16 </subfield><subfield code="d">2022-02-23 15:26:46 US/Eastern</subfield><subfield code="q">2022-02-23 15:27:21 US/Eastern</subfield><subfield code="y">eastasian</subfield></datafield><datafield tag="876" ind1=" " ind2=" "><subfield code="0">22623959240006421</subfield><subfield code="j">1</subfield><subfield code="z">pa</subfield><subfield code="p">32101056741299</subfield><subfield code="t">1</subfield><subfield code="a">23623959120006421</subfield><subfield code="3">no.69-80 1989</subfield><subfield code="d">2005-06-19 20:00:00 US/Eastern</subfield><subfield code="q">2005-06-20 06:59:00 US/Eastern</subfield><subfield code="y">recap</subfield></datafield><datafield tag="876" ind1=" " ind2=" "><subfield code="0">22623959240006421</subfield><subfield code="j">1</subfield><subfield code="z">pa</subfield><subfield code="p">32101056638065</subfield><subfield code="t">1</subfield><subfield code="a">23623959100006421</subfield><subfield code="3">no.249-260 2004</subfield><subfield code="d">2006-02-02 19:00:00 US/Eastern</subfield><subfield code="q">2006-02-03 05:59:00 US/Eastern</subfield><subfield code="y">recap</subfield></datafield><datafield tag="876" ind1=" " ind2=" "><subfield code="0">22623959240006421</subfield><subfield code="j">1</subfield><subfield code="z">pa</subfield><subfield code="p">32101056741307</subfield><subfield code="t">1</subfield><subfield code="a">23623959110006421</subfield><subfield code="3">no.81-92 1990</subfield><subfield code="d">2005-06-19 20:00:00 US/Eastern</subfield><subfield code="q">2005-06-20 06:59:00 US/Eastern</subfield><subfield code="y">recap</subfield></datafield><datafield tag="876" ind1=" " ind2=" "><subfield code="0">22623959570006421</subfield><subfield code="j">1</subfield><subfield code="z">cjk</subfield><subfield code="p">32101108315464</subfield><subfield code="t">1</subfield><subfield code="a">23623959300006421</subfield><subfield code="3">2019 no. 9-17</subfield><subfield code="d">2020-12-09 19:00:00 US/Eastern</subfield><subfield code="q">2020-12-10 05:59:00 US/Eastern</subfield><subfield code="y">eastasian</subfield></datafield><datafield tag="876" ind1=" " ind2=" "><subfield code="0">22623959240006421</subfield><subfield code="j">1</subfield><subfield code="z">pa</subfield><subfield code="p">32101056741349</subfield><subfield code="t">1</subfield><subfield code="a">23623958790006421</subfield><subfield code="3">no.129-133,135,137-139 1994</subfield><subfield code="d">2005-06-19 20:00:00 US/Eastern</subfield><subfield code="q">2005-06-20 06:59:00 US/Eastern</subfield><subfield code="y">recap</subfield></datafield><datafield tag="876" ind1=" " ind2=" "><subfield code="0">22623959570006421</subfield><subfield code="j">1</subfield><subfield code="z">cjk</subfield><subfield code="p">32101108315472</subfield><subfield code="t">1</subfield><subfield code="a">23623959310006421</subfield><subfield code="3">2019 no. 1-8</subfield><subfield code="d">2020-12-09 19:00:00 US/Eastern</subfield><subfield code="q">2020-12-10 05:59:00 US/Eastern</subfield><subfield code="y">eastasian</subfield></datafield><datafield tag="876" ind1=" " ind2=" "><subfield code="0">22623959240006421</subfield><subfield code="j">1</subfield><subfield code="z">pa</subfield><subfield code="p">32101056653239</subfield><subfield code="t">1</subfield><subfield code="a">23623959150006421</subfield><subfield code="3">no.21-32 1985</subfield><subfield code="d">2005-02-16 19:00:00 US/Eastern</subfield><subfield code="q">2005-02-17 05:59:00 US/Eastern</subfield><subfield code="y">recap</subfield></datafield><datafield tag="876" ind1=" " ind2=" "><subfield code="0">22623959240006421</subfield><subfield code="j">1</subfield><subfield code="z">pa</subfield><subfield code="p">32101056653247</subfield><subfield code="t">1</subfield><subfield code="a">23623959140006421</subfield><subfield code="3">no.33-44 1986</subfield><subfield code="d">2005-02-16 19:00:00 US/Eastern</subfield><subfield code="q">2005-02-17 05:59:00 US/Eastern</subfield><subfield code="y">recap</subfield></datafield><datafield tag="876" ind1=" " ind2=" "><subfield code="0">22623959570006421</subfield><subfield code="j">1</subfield><subfield code="z">cjk</subfield><subfield code="p">32101115425736</subfield><subfield code="a">231027694910006421</subfield><subfield code="3">2022 no. 9-10, 12 </subfield><subfield code="d">2023-09-12 20:00:00 US/Eastern</subfield><subfield code="q">2024-09-10 13:05:27 US/Eastern</subfield><subfield code="y">eastasian</subfield></datafield><datafield tag="876" ind1=" " ind2=" "><subfield code="0">22623959240006421</subfield><subfield code="j">1</subfield><subfield code="z">pa</subfield><subfield code="p">32101056653221</subfield><subfield code="t">1</subfield><subfield code="a">23623959160006421</subfield><subfield code="3">no.9-20 1984</subfield><subfield code="d">2005-02-16 19:00:00 US/Eastern</subfield><subfield code="q">2005-02-17 05:59:00 US/Eastern</subfield><subfield code="y">recap</subfield></datafield><datafield tag="876" ind1=" " ind2=" "><subfield code="0">22623959570006421</subfield><subfield code="j">1</subfield><subfield code="z">cjk</subfield><subfield code="p">32101044669016</subfield><subfield code="t">1</subfield><subfield code="a">23623959290006421</subfield><subfield code="3">2019 no. 18-24</subfield><subfield code="d">2020-12-09 19:00:00 US/Eastern</subfield><subfield code="q">2020-12-10 14:18:10 US/Eastern</subfield><subfield code="y">eastasian</subfield></datafield><datafield tag="876" ind1=" " ind2=" "><subfield code="0">22623959240006421</subfield><subfield code="j">1</subfield><subfield code="z">pa</subfield><subfield code="p">32101056741281</subfield><subfield code="t">1</subfield><subfield code="a">23623959130006421</subfield><subfield code="3">no.45-56 1987</subfield><subfield code="d">2005-06-19 20:00:00 US/Eastern</subfield><subfield code="q">2005-06-20 06:59:00 US/Eastern</subfield><subfield code="y">recap</subfield></datafield><datafield tag="876" ind1=" " ind2=" "><subfield code="0">22623959240006421</subfield><subfield code="j">1</subfield><subfield code="z">pa</subfield><subfield code="p">32101056653213</subfield><subfield code="t">1</subfield><subfield code="a">23623959170006421</subfield><subfield code="3">no.1-8 1983</subfield><subfield code="d">2005-02-16 19:00:00 US/Eastern</subfield><subfield code="q">2005-02-17 05:59:00 US/Eastern</subfield><subfield code="y">recap</subfield></datafield><datafield tag="876" ind1=" " ind2=" "><subfield code="0">22623959240006421</subfield><subfield code="j">1</subfield><subfield code="z">pa</subfield><subfield code="p">32101081429704</subfield><subfield code="t">1</subfield><subfield code="a">23623958900006421</subfield><subfield code="3">no.413-420 2014</subfield><subfield code="d">2015-08-11 20:00:00 US/Eastern</subfield><subfield code="q">2015-08-12 06:59:00 US/Eastern</subfield><subfield code="y">recap</subfield></datafield><datafield tag="876" ind1=" " ind2=" "><subfield code="0">22623959240006421</subfield><subfield code="j">1</subfield><subfield code="z">pa</subfield><subfield code="p">32101086033550</subfield><subfield code="t">1</subfield><subfield code="a">23623958970006421</subfield><subfield code="3">no.345-356 2011</subfield><subfield code="d">2012-08-30 20:00:00 US/Eastern</subfield><subfield code="q">2012-08-31 06:59:00 US/Eastern</subfield><subfield code="y">recap</subfield></datafield><datafield tag="876" ind1=" " ind2=" "><subfield code="0">22623959240006421</subfield><subfield code="j">1</subfield><subfield code="z">pa</subfield><subfield code="p">32101081849273</subfield><subfield code="t">1</subfield><subfield code="a">23623958990006421</subfield><subfield code="3">no.321-332 2010</subfield><subfield code="d">2012-02-23 19:00:00 US/Eastern</subfield><subfield code="q">2012-02-24 05:59:00 US/Eastern</subfield><subfield code="y">recap</subfield></datafield><datafield tag="876" ind1=" " ind2=" "><subfield code="0">22623959240006421</subfield><subfield code="j">1</subfield><subfield code="z">pa</subfield><subfield code="p">32101081188144</subfield><subfield code="t">1</subfield><subfield code="a">23623958920006421</subfield><subfield code="3">no.397-404 2013</subfield><subfield code="d">2014-10-12 20:00:00 US/Eastern</subfield><subfield code="q">2014-10-13 06:59:00 US/Eastern</subfield><subfield code="y">recap</subfield></datafield><datafield tag="876" ind1=" " ind2=" "><subfield code="0">22623959240006421</subfield><subfield code="j">1</subfield><subfield code="z">pa</subfield><subfield code="p">32101090101351</subfield><subfield code="t">1</subfield><subfield code="a">23623958960006421</subfield><subfield code="3">no.373-380 2012</subfield><subfield code="d">2013-07-23 20:00:00 US/Eastern</subfield><subfield code="q">2013-07-24 06:59:00 US/Eastern</subfield><subfield code="y">recap</subfield></datafield><datafield tag="876" ind1=" " ind2=" "><subfield code="0">22623959240006421</subfield><subfield code="j">1</subfield><subfield code="z">pa</subfield><subfield code="p">32101093243630</subfield><subfield code="t">1</subfield><subfield code="a">23623958930006421</subfield><subfield code="3">no.381-388 2013</subfield><subfield code="d">2014-03-18 20:00:00 US/Eastern</subfield><subfield code="q">2014-03-19 06:59:00 US/Eastern</subfield><subfield code="y">recap</subfield></datafield><datafield tag="876" ind1=" " ind2=" "><subfield code="0">22623959570006421</subfield><subfield code="j">1</subfield><subfield code="z">cjk</subfield><subfield code="p">32101097831547</subfield><subfield code="t">1</subfield><subfield code="a">23623959270006421</subfield><subfield code="3">no.485-492 2017</subfield><subfield code="d">2018-09-19 20:00:00 US/Eastern</subfield><subfield code="q">2018-09-20 06:59:00 US/Eastern</subfield><subfield code="y">eastasian</subfield></datafield><datafield tag="876" ind1=" " ind2=" "><subfield code="0">22623959240006421</subfield><subfield code="j">1</subfield><subfield code="z">pa</subfield><subfield code="p">32101048729808</subfield><subfield code="t">1</subfield><subfield code="a">23623959190006421</subfield><subfield code="3">no.[225]-236 2002</subfield><subfield code="d">2003-04-20 20:00:00 US/Eastern</subfield><subfield code="q">2003-04-21 06:59:00 US/Eastern</subfield><subfield code="y">recap</subfield></datafield><datafield tag="876" ind1=" " ind2=" "><subfield code="0">22623959240006421</subfield><subfield code="j">1</subfield><subfield code="z">pa</subfield><subfield code="p">32101060520564</subfield><subfield code="t">1</subfield><subfield code="a">23623959080006421</subfield><subfield code="3">no.273-284 2006</subfield><subfield code="d">2007-05-14 20:00:00 US/Eastern</subfield><subfield code="q">2007-05-15 06:59:00 US/Eastern</subfield><subfield code="y">recap</subfield></datafield><datafield tag="876" ind1=" " ind2=" "><subfield code="0">22623959570006421</subfield><subfield code="j">1</subfield><subfield code="z">cjk</subfield><subfield code="p">32101108315480</subfield><subfield code="t">1</subfield><subfield code="a">23623959320006421</subfield><subfield code="3">no.517-524 2018</subfield><subfield code="d">2020-12-09 19:00:00 US/Eastern</subfield><subfield code="q">2020-12-10 05:59:00 US/Eastern</subfield><subfield code="y">eastasian</subfield></datafield><datafield tag="876" ind1=" " ind2=" "><subfield code="0">22623959570006421</subfield><subfield code="j">1</subfield><subfield code="z">cjk</subfield><subfield code="p">32101113921751</subfield><subfield code="a">23992509910006421</subfield><subfield code="3">2021 no. 9-16 </subfield><subfield code="d">2023-09-13 14:45:34 US/Eastern</subfield><subfield code="q">2023-09-13 14:46:16 US/Eastern</subfield><subfield code="y">eastasian</subfield></datafield><datafield tag="876" ind1=" " ind2=" "><subfield code="0">22623959570006421</subfield><subfield code="j">1</subfield><subfield code="z">cjk</subfield><subfield code="p">32101115425223</subfield><subfield code="a">231025259860006421</subfield><subfield code="3">2023 no. 19-24 </subfield><subfield code="d">2024-08-12 13:44:44 US/Eastern</subfield><subfield code="q">2024-08-12 13:45:16 US/Eastern</subfield><subfield code="y">eastasian</subfield></datafield><datafield tag="876" ind1=" " ind2=" "><subfield code="0">22623959570006421</subfield><subfield code="j">1</subfield><subfield code="z">cjk</subfield><subfield code="p">32101115425231</subfield><subfield code="a">231019150470006421</subfield><subfield code="3">2023 no. 13-18 </subfield><subfield code="d">2024-05-16 14:08:53 US/Eastern</subfield><subfield code="q">2024-08-12 13:47:32 US/Eastern</subfield><subfield code="y">eastasian</subfield></datafield><datafield tag="876" ind1=" " ind2=" "><subfield code="0">22623959570006421</subfield><subfield code="j">1</subfield><subfield code="z">cjk</subfield><subfield code="p">32101109619823</subfield><subfield code="a">231089952460006421</subfield><subfield code="3">2024 no. 9-16 </subfield><subfield code="d">2025-10-07 09:16:38 US/Eastern</subfield><subfield code="q">2025-10-07 09:17:07 US/Eastern</subfield><subfield code="y">eastasian</subfield></datafield><datafield tag="876" ind1=" " ind2=" "><subfield code="0">22623959570006421</subfield><subfield code="j">1</subfield><subfield code="z">cjk</subfield><subfield code="p">32101115484097</subfield><subfield code="a">231012958140006421</subfield><subfield code="3">2023 no. 7-12 </subfield><subfield code="d">2024-03-07 11:52:58 US/Eastern</subfield><subfield code="q">2024-03-07 11:53:18 US/Eastern</subfield><subfield code="y">eastasian</subfield></datafield><datafield tag="876" ind1=" " ind2=" "><subfield code="0">22623959240006421</subfield><subfield code="j">1</subfield><subfield code="z">pa</subfield><subfield code="p">32101048728693</subfield><subfield code="t">1</subfield><subfield code="a">23623958830006421</subfield><subfield code="3">no.213-[224] 2001</subfield><subfield code="d">2003-04-07 20:00:00 US/Eastern</subfield><subfield code="q">2003-04-08 06:59:00 US/Eastern</subfield><subfield code="y">recap</subfield></datafield><datafield tag="876" ind1=" " ind2=" "><subfield code="0">22623959240006421</subfield><subfield code="j">1</subfield><subfield code="z">pa</subfield><subfield code="p">32101056741315</subfield><subfield code="t">1</subfield><subfield code="a">23623958820006421</subfield><subfield code="3">no.93-104 1991</subfield><subfield code="d">2005-06-19 20:00:00 US/Eastern</subfield><subfield code="q">2005-06-20 06:59:00 US/Eastern</subfield><subfield code="y">recap</subfield></datafield><datafield tag="876" ind1=" " ind2=" "><subfield code="0">22623959240006421</subfield><subfield code="j">1</subfield><subfield code="z">pa</subfield><subfield code="p">32101050118262</subfield><subfield code="t">1</subfield><subfield code="a">23623958840006421</subfield><subfield code="3">no.153-164 1996</subfield><subfield code="d">2000-06-12 20:00:00 US/Eastern</subfield><subfield code="q">2000-06-13 06:59:00 US/Eastern</subfield><subfield code="y">recap</subfield></datafield><datafield tag="876" ind1=" " ind2=" "><subfield code="0">22623959240006421</subfield><subfield code="j">1</subfield><subfield code="z">pa</subfield><subfield code="p">32101056741331</subfield><subfield code="t">1</subfield><subfield code="a">23623958800006421</subfield><subfield code="3">no.117-128 1993</subfield><subfield code="d">2005-06-19 20:00:00 US/Eastern</subfield><subfield code="q">2005-06-20 06:59:00 US/Eastern</subfield><subfield code="y">recap</subfield></datafield><datafield tag="876" ind1=" " ind2=" "><subfield code="0">22623959240006421</subfield><subfield code="j">1</subfield><subfield code="z">pa</subfield><subfield code="p">32101056741323</subfield><subfield code="t">1</subfield><subfield code="a">23623958810006421</subfield><subfield code="3">no.105-116 1992</subfield><subfield code="d">2005-06-19 20:00:00 US/Eastern</subfield><subfield code="q">2005-06-20 06:59:00 US/Eastern</subfield><subfield code="y">recap</subfield></datafield><datafield tag="876" ind1=" " ind2=" "><subfield code="0">22623959240006421</subfield><subfield code="j">1</subfield><subfield code="z">pa</subfield><subfield code="p">32101095213235</subfield><subfield code="t">1</subfield><subfield code="a">23623958690006421</subfield><subfield code="3">no.445-452 2015</subfield><subfield code="d">2016-12-08 19:00:00 US/Eastern</subfield><subfield code="q">2016-12-09 05:59:00 US/Eastern</subfield><subfield code="y">recap</subfield></datafield><datafield tag="876" ind1=" " ind2=" "><subfield code="0">22623959570006421</subfield><subfield code="j">1</subfield><subfield code="z">cjk</subfield><subfield code="a">231097014550006421</subfield><subfield code="3">2024, no. 23 </subfield><subfield code="d">2026-01-07 11:46:21 US/Eastern</subfield><subfield code="q">2026-01-07 11:46:21 US/Eastern</subfield><subfield code="y">eastasian</subfield></datafield><datafield tag="876" ind1=" " ind2=" "><subfield code="0">22623959240006421</subfield><subfield code="j">1</subfield><subfield code="z">pa</subfield><subfield code="p">32101043966447</subfield><subfield code="t">1</subfield><subfield code="a">23623959200006421</subfield><subfield code="3">no.201-212 2000</subfield><subfield code="d">2002-05-08 20:00:00 US/Eastern</subfield><subfield code="q">2002-05-09 06:59:00 US/Eastern</subfield><subfield code="y">recap</subfield></datafield><datafield tag="876" ind1=" " ind2=" "><subfield code="0">22623959240006421</subfield><subfield code="j">1</subfield><subfield code="z">pa</subfield><subfield code="p">32101081429639</subfield><subfield code="t">1</subfield><subfield code="a">23623958890006421</subfield><subfield code="3">no.421-428 2014</subfield><subfield code="d">2015-08-11 20:00:00 US/Eastern</subfield><subfield code="q">2015-08-12 06:59:00 US/Eastern</subfield><subfield code="y">recap</subfield></datafield><datafield tag="876" ind1=" " ind2=" "><subfield code="0">22623959240006421</subfield><subfield code="j">1</subfield><subfield code="z">pa</subfield><subfield code="p">32101099726638</subfield><subfield code="t">1</subfield><subfield code="a">23623958880006421</subfield><subfield code="3">no.429-436 2015</subfield><subfield code="d">2016-07-21 20:00:00 US/Eastern</subfield><subfield code="q">2016-07-22 06:59:00 US/Eastern</subfield><subfield code="y">recap</subfield></datafield><datafield tag="876" ind1=" " ind2=" "><subfield code="0">22623959240006421</subfield><subfield code="j">1</subfield><subfield code="z">pa</subfield><subfield code="p">32101078977251</subfield><subfield code="t">1</subfield><subfield code="a">23623959010006421</subfield><subfield code="3">no.309-320 2009</subfield><subfield code="d">2010-10-19 20:00:00 US/Eastern</subfield><subfield code="q">2010-10-20 06:59:00 US/Eastern</subfield><subfield code="y">recap</subfield></datafield><datafield tag="876" ind1=" " ind2=" "><subfield code="0">22623959240006421</subfield><subfield code="j">1</subfield><subfield code="z">pa</subfield><subfield code="p">32101075354884</subfield><subfield code="t">1</subfield><subfield code="a">23623959040006421</subfield><subfield code="3">no.297-308 2008</subfield><subfield code="d">2010-05-31 20:00:00 US/Eastern</subfield><subfield code="q">2010-06-01 06:59:00 US/Eastern</subfield><subfield code="y">recap</subfield></datafield><datafield tag="876" ind1=" " ind2=" "><subfield code="0">22623959240006421</subfield><subfield code="j">1</subfield><subfield code="z">pa</subfield><subfield code="p">32101097831570</subfield><subfield code="t">1</subfield><subfield code="a">23623958860006421</subfield><subfield code="3">no.461-468 2016</subfield><subfield code="d">2018-09-19 20:00:00 US/Eastern</subfield><subfield code="q">2018-09-20 06:59:00 US/Eastern</subfield><subfield code="y">recap</subfield></datafield><datafield tag="876" ind1=" " ind2=" "><subfield code="0">22623959570006421</subfield><subfield code="j">1</subfield><subfield code="z">cjk</subfield><subfield code="a">231097014590006421</subfield><subfield code="3">2024, no. 19 </subfield><subfield code="d">2026-01-07 11:44:28 US/Eastern</subfield><subfield code="q">2026-01-07 11:44:28 US/Eastern</subfield><subfield code="y">eastasian</subfield></datafield><datafield tag="876" ind1=" " ind2=" "><subfield code="0">22623959240006421</subfield><subfield code="j">1</subfield><subfield code="z">pa</subfield><subfield code="p">32101050118270</subfield><subfield code="t">1</subfield><subfield code="a">23623959230006421</subfield><subfield code="3">no.165-176 1997</subfield><subfield code="d">2000-06-12 20:00:00 US/Eastern</subfield><subfield code="q">2000-06-13 06:59:00 US/Eastern</subfield><subfield code="y">recap</subfield></datafield><datafield tag="876" ind1=" " ind2=" "><subfield code="0">22623959240006421</subfield><subfield code="j">1</subfield><subfield code="z">pa</subfield><subfield code="p">32101097831562</subfield><subfield code="t">1</subfield><subfield code="a">23623958850006421</subfield><subfield code="3">no.469-476 2016</subfield><subfield code="d">2018-09-19 20:00:00 US/Eastern</subfield><subfield code="q">2018-09-20 06:59:00 US/Eastern</subfield><subfield code="y">recap</subfield></datafield><datafield tag="876" ind1=" " ind2=" "><subfield code="0">22623959240006421</subfield><subfield code="j">1</subfield><subfield code="z">pa</subfield><subfield code="p">32101095217806</subfield><subfield code="t">1</subfield><subfield code="a">23623958870006421</subfield><subfield code="3">no.453-460 2016</subfield><subfield code="d">2017-01-11 19:00:00 US/Eastern</subfield><subfield code="q">2017-01-12 05:59:00 US/Eastern</subfield><subfield code="y">recap</subfield></datafield><datafield tag="876" ind1=" " ind2=" "><subfield code="0">22623959570006421</subfield><subfield code="j">1</subfield><subfield code="z">cjk</subfield><subfield code="a">231097014570006421</subfield><subfield code="3">2024, no. 21 </subfield><subfield code="d">2026-01-07 11:45:35 US/Eastern</subfield><subfield code="q">2026-01-07 11:45:35 US/Eastern</subfield><subfield code="y">eastasian</subfield></datafield><datafield tag="876" ind1=" " ind2=" "><subfield code="0">22623959570006421</subfield><subfield code="j">1</subfield><subfield code="z">cjk</subfield><subfield code="p">32101097831521</subfield><subfield code="t">1</subfield><subfield code="a">23623959250006421</subfield><subfield code="3">no.501-508 2018</subfield><subfield code="d">2018-09-19 20:00:00 US/Eastern</subfield><subfield code="q">2018-09-20 06:59:00 US/Eastern</subfield><subfield code="y">eastasian</subfield></datafield><datafield tag="876" ind1=" " ind2=" "><subfield code="0">22623959240006421</subfield><subfield code="j">1</subfield><subfield code="z">pa</subfield><subfield code="p">32101072949975</subfield><subfield code="t">1</subfield><subfield code="a">23623959220006421</subfield><subfield code="3">no.177-188 1998</subfield><subfield code="d">2000-06-12 20:00:00 US/Eastern</subfield><subfield code="q">2000-06-13 06:59:00 US/Eastern</subfield><subfield code="y">recap</subfield></datafield><datafield tag="876" ind1=" " ind2=" "><subfield code="0">22623959240006421</subfield><subfield code="j">1</subfield><subfield code="z">pa</subfield><subfield code="p">32101072949983</subfield><subfield code="t">1</subfield><subfield code="a">23623959210006421</subfield><subfield code="3">no.189-200 1999</subfield><subfield code="d">2001-02-19 19:00:00 US/Eastern</subfield><subfield code="q">2001-02-20 05:59:00 US/Eastern</subfield><subfield code="y">recap</subfield></datafield><datafield tag="876" ind1=" " ind2=" "><subfield code="0">22623959570006421</subfield><subfield code="j">1</subfield><subfield code="z">cjk</subfield><subfield code="p">32101115484105</subfield><subfield code="a">231002400430006421</subfield><subfield code="3">2023 no. 1-6 </subfield><subfield code="d">2023-11-29 10:46:10 US/Eastern</subfield><subfield code="q">2024-03-07 11:54:13 US/Eastern</subfield><subfield code="y">eastasian</subfield></datafield><datafield tag="876" ind1=" " ind2=" "><subfield code="0">22623959570006421</subfield><subfield code="j">1</subfield><subfield code="z">cjk</subfield><subfield code="a">231097014560006421</subfield><subfield code="3">2024, no. 22 </subfield><subfield code="d">2026-01-07 11:46:03 US/Eastern</subfield><subfield code="q">2026-01-07 11:46:03 US/Eastern</subfield><subfield code="y">eastasian</subfield></datafield><datafield tag="876" ind1=" " ind2=" "><subfield code="0">22623959570006421</subfield><subfield code="j">1</subfield><subfield code="z">cjk</subfield><subfield code="a">231097014580006421</subfield><subfield code="3">2024, no. 20 </subfield><subfield code="d">2026-01-07 11:44:56 US/Eastern</subfield><subfield code="q">2026-01-07 11:44:56 US/Eastern</subfield><subfield code="y">eastasian</subfield></datafield><datafield tag="876" ind1=" " ind2=" "><subfield code="0">22623959570006421</subfield><subfield code="j">1</subfield><subfield code="z">cjk</subfield><subfield code="p">32101108674985</subfield><subfield code="a">23917224370006421</subfield><subfield code="3">2021 no. 1-8 </subfield><subfield code="d">2022-02-23 15:30:41 US/Eastern</subfield><subfield code="q">2022-02-23 15:31:06 US/Eastern</subfield><subfield code="y">eastasian</subfield></datafield><datafield tag="876" ind1=" " ind2=" "><subfield code="0">22623959570006421</subfield><subfield code="j">1</subfield><subfield code="z">cjk</subfield><subfield code="p">32101108674951</subfield><subfield code="a">23917224390006421</subfield><subfield code="3">2020 no. 17-24 </subfield><subfield code="d">2022-02-23 15:28:16 US/Eastern</subfield><subfield code="q">2022-02-23 15:28:52 US/Eastern</subfield><subfield code="y">eastasian</subfield></datafield><datafield tag="876" ind1=" " ind2=" "><subfield code="0">22623959570006421</subfield><subfield code="j">1</subfield><subfield code="z">cjk</subfield><subfield code="a">231097014540006421</subfield><subfield code="3">2024, no. 24 </subfield><subfield code="d">2026-01-07 11:47:26 US/Eastern</subfield><subfield code="q">2026-01-07 11:47:26 US/Eastern</subfield><subfield code="y">eastasian</subfield></datafield><datafield tag="876" ind1=" " ind2=" "><subfield code="0">22623959240006421</subfield><subfield code="j">1</subfield><subfield code="z">pa</subfield><subfield code="p">32101056668062</subfield><subfield code="t">1</subfield><subfield code="a">23623959180006421</subfield><subfield code="3">no.237-248 2003</subfield><subfield code="d">2004-10-24 20:00:00 US/Eastern</subfield><subfield code="q">2004-10-25 06:59:00 US/Eastern</subfield><subfield code="y">recap</subfield></datafield><datafield tag="876" ind1=" " ind2=" "><subfield code="0">22623959570006421</subfield><subfield code="j">1</subfield><subfield code="z">cjk</subfield><subfield code="p">32101097831539</subfield><subfield code="t">1</subfield><subfield code="a">23623959260006421</subfield><subfield code="3">no.493-500 2017</subfield><subfield code="d">2018-09-19 20:00:00 US/Eastern</subfield><subfield code="q">2018-09-20 06:59:00 US/Eastern</subfield><subfield code="y">eastasian</subfield></datafield><datafield tag="876" ind1=" " ind2=" "><subfield code="0">22623959570006421</subfield><subfield code="j">1</subfield><subfield code="z">cjk</subfield><subfield code="p">32101097831554</subfield><subfield code="t">1</subfield><subfield code="a">23623959280006421</subfield><subfield code="3">no.477-484 2017</subfield><subfield code="d">2018-09-19 20:00:00 US/Eastern</subfield><subfield code="q">2018-09-20 06:59:00 US/Eastern</subfield><subfield code="y">eastasian</subfield></datafield><datafield tag="876" ind1=" " ind2=" "><subfield code="0">22623959240006421</subfield><subfield code="j">1</subfield><subfield code="z">pa</subfield><subfield code="p">32101059145993</subfield><subfield code="t">1</subfield><subfield code="a">23623959090006421</subfield><subfield code="3">no.261-272 2005</subfield><subfield code="d">2006-03-12 19:00:00 US/Eastern</subfield><subfield code="q">2006-03-13 05:59:00 US/Eastern</subfield><subfield code="y">recap</subfield></datafield><datafield tag="876" ind1=" " ind2=" "><subfield code="0">22623959570006421</subfield><subfield code="j">1</subfield><subfield code="z">cjk</subfield><subfield code="p">32101108315498</subfield><subfield code="t">1</subfield><subfield code="a">23623959330006421</subfield><subfield code="3">no.509-516 2018</subfield><subfield code="d">2020-12-09 19:00:00 US/Eastern</subfield><subfield code="q">2020-12-10 05:59:00 US/Eastern</subfield><subfield code="y">eastasian</subfield></datafield><datafield tag="876" ind1=" " ind2=" "><subfield code="0">22623959240006421</subfield><subfield code="j">1</subfield><subfield code="z">pa</subfield><subfield code="p">32101066007475</subfield><subfield code="t">1</subfield><subfield code="a">23623959070006421</subfield><subfield code="3">no.285-296 2007</subfield><subfield code="d">2009-01-08 19:00:00 US/Eastern</subfield><subfield code="q">2009-01-09 05:59:00 US/Eastern</subfield><subfield code="y">recap</subfield></datafield><datafield tag="876" ind1=" " ind2=" "><subfield code="0">22623959570006421</subfield><subfield code="j">1</subfield><subfield code="z">cjk</subfield><subfield code="a">231095919370006421</subfield><subfield code="3">2025 no. 1-14 </subfield><subfield code="d">2025-12-18 12:14:47 US/Eastern</subfield><subfield code="q">2025-12-18 12:15:38 US/Eastern</subfield><subfield code="y">eastasian</subfield></datafield><datafield tag="876" ind1=" " ind2=" "><subfield code="0">22623959570006421</subfield><subfield code="j">1</subfield><subfield code="z">cjk</subfield><subfield code="p">32101115425728</subfield><subfield code="a">231025238660006421</subfield><subfield code="3">2024 no. 1-8 </subfield><subfield code="d">2024-08-13 13:10:42 US/Eastern</subfield><subfield code="q">2024-08-13 13:07:20 US/Eastern</subfield><subfield code="y">eastasian</subfield></datafield><datafield tag="876" ind1=" " ind2=" "><subfield code="0">22623959570006421</subfield><subfield code="j">1</subfield><subfield code="z">cjk</subfield><subfield code="p">32101113921744</subfield><subfield code="a">23992509900006421</subfield><subfield code="3">2021 no. 17-24 </subfield><subfield code="d">2023-09-13 14:47:03 US/Eastern</subfield><subfield code="q">2023-09-13 14:47:21 US/Eastern</subfield><subfield code="y">eastasian</subfield></datafield><datafield tag="876" ind1=" " ind2=" "><subfield code="0">22623959570006421</subfield><subfield code="j">1</subfield><subfield code="z">cjk</subfield><subfield code="p">32101113921736</subfield><subfield code="a">23992509890006421</subfield><subfield code="3">2022 no. 1-8 </subfield><subfield code="d">2023-09-13 14:47:59 US/Eastern</subfield><subfield code="q">2023-09-13 14:48:24 US/Eastern</subfield><subfield code="y">eastasian</subfield></datafield></record>