<record><leader>03635cas a2200589Ia 4500</leader><controlfield tag="005">20240918122718.0</controlfield><controlfield tag="008">020128c19819999cc sr p       0   e0chi d</controlfield><controlfield tag="001">9935106883506421</controlfield><datafield tag="022" ind1=" " ind2=" "><subfield code="a">1003-0565</subfield></datafield><datafield tag="035" ind1=" " ind2=" "><subfield code="a">(CStRLIN)NJPX02-S418</subfield></datafield><datafield tag="035" ind1=" " ind2=" "><subfield code="a">(NjP)3510688-princetondb</subfield></datafield><datafield tag="035" ind1=" " ind2=" "><subfield code="a">(OCoLC)ocm21359406</subfield></datafield><datafield tag="035" ind1=" " ind2=" "><subfield code="z">(NjP)Voyager3510688</subfield></datafield><datafield tag="040" ind1=" " ind2=" "><subfield code="a">NjP-G</subfield><subfield code="b">eng</subfield><subfield code="c">PUL</subfield><subfield code="d">PUL</subfield></datafield><datafield tag="090" ind1=" " ind2=" "><subfield code="a">AP95.C4</subfield><subfield code="b">Q56</subfield></datafield><datafield tag="245" ind1="0" ind2="0"><subfield code="6">880-01</subfield><subfield code="a">Qing nian wen zhai =</subfield><subfield code="b">Youth digest.</subfield></datafield><datafield tag="880" ind1="0" ind2="0"><subfield code="6">245-01</subfield><subfield code="a">青年文摘 =</subfield><subfield code="b">Youth digesti.</subfield></datafield><datafield tag="246" ind1="3" ind2="1"><subfield code="a">Youth digest</subfield></datafield><datafield tag="246" ind1="3" ind2=" "><subfield code="a">Qingnian wenzhai</subfield></datafield><datafield tag="246" ind1="1" ind2=" "><subfield code="6">880-02</subfield><subfield code="a">Qing nian wen zhai.</subfield><subfield code="p">Cai ban</subfield><subfield code="f">2015</subfield></datafield><datafield tag="880" ind1="1" ind2=" "><subfield code="6">246-02</subfield><subfield code="a">青年文摘.</subfield><subfield code="p">彩版</subfield><subfield code="f">2015</subfield></datafield><datafield tag="264" ind1=" " ind2="1"><subfield code="6">880-03</subfield><subfield code="a">Beijing :</subfield><subfield code="b">Zhongguo qing nian chu ban she</subfield></datafield><datafield tag="880" ind1=" " ind2="1"><subfield code="6">264-03</subfield><subfield code="a">北京 :</subfield><subfield code="b">中国青年出版社</subfield></datafield><datafield tag="300" ind1=" " ind2=" "><subfield code="a">v. :</subfield><subfield code="b">ill. ;</subfield><subfield code="c">26-27 cm.</subfield></datafield><datafield tag="310" ind1=" " ind2=" "><subfield code="a">Semimonthly,</subfield><subfield code="b">Sept. 2000-</subfield></datafield><datafield tag="321" ind1=" " ind2=" "><subfield code="a">Monthly,</subfield><subfield code="b">&lt;1990&gt;-Aug. 2000</subfield></datafield><datafield tag="362" ind1="1" ind2=" "><subfield code="a">Began in 1981.</subfield></datafield><datafield tag="500" ind1=" " ind2=" "><subfield code="6">880-04</subfield><subfield code="a">Publisher: Qing nian wen zhai za zhi she, Aug. 1999-</subfield></datafield><datafield tag="880" ind1=" " ind2=" "><subfield code="6">500-04</subfield><subfield code="a">Publisher: 青年文摘杂志社, Aug. 1999-</subfield></datafield><datafield tag="588" ind1=" " ind2=" "><subfield code="6">880-05</subfield><subfield code="a">Description based on: 1990, 1 = zong 95 qi; title from cover.</subfield></datafield><datafield tag="880" ind1=" " ind2=" "><subfield code="6">588-05</subfield><subfield code="a">Description based on: 1990, 1 = 总95期; title from cover.</subfield></datafield><datafield tag="500" ind1=" " ind2=" "><subfield code="6">880-06</subfield><subfield code="a">Issues for 2005 has qing nian wen zhai cai ban, no.1-3.</subfield></datafield><datafield tag="880" ind1=" " ind2=" "><subfield code="6">500-06</subfield><subfield code="a">Issues for 2005 has 青年文摘彩版, no.1-3.</subfield></datafield><datafield tag="588" ind1=" " ind2=" "><subfield code="6">880-07</subfield><subfield code="a">Latest issue consulted: 2006, 12 lü ban (2006 12 yue xia) = zong di 374 qi.</subfield></datafield><datafield tag="880" ind1=" " ind2=" "><subfield code="6">588-07</subfield><subfield code="a">Latest issue consulted: 2006, 12绿版 (2006 12月下) = 总第374期.</subfield></datafield><datafield tag="515" ind1=" " ind2=" "><subfield code="6">880-08</subfield><subfield code="a">Issues for Sept. 2000- published in two issues: Hong ban, in the first half month; and: Lü ban, in the second half month.</subfield></datafield><datafield tag="880" ind1=" " ind2=" "><subfield code="6">515-08</subfield><subfield code="a">Issues for Sept. 2000- published in two issues: 红版, in the first half month; and: 绿版, in the second half month.</subfield></datafield><datafield tag="550" ind1=" " ind2=" "><subfield code="6">880-09</subfield><subfield code="a">Issues for Aug. 1999-Jan. 2004 sponsored by: Zhongguo qing nian chu ban she; for Feb. 2004- , by: Zhongguo qing nian chu ban zong she.</subfield></datafield><datafield tag="880" ind1=" " ind2=" "><subfield code="6">550-09</subfield><subfield code="a">Issues for Aug. 1999-Jan. 2004 sponsored by: 中国青年出版社; for Feb. 2004- , by: 中国青年出版总社.</subfield></datafield><datafield tag="550" ind1=" " ind2=" "><subfield code="6">880-10</subfield><subfield code="a">Issues for Aug. 1999- issued under the direction of: Gong qing tuan zhong yang.</subfield></datafield><datafield tag="880" ind1=" " ind2=" "><subfield code="6">550-10</subfield><subfield code="a">Issues for Aug. 1999- issued under the direction of: 共青团中央.</subfield></datafield><datafield tag="583" ind1="1" ind2=" "><subfield code="a">Committed to retain</subfield><subfield code="d">in perpetuity</subfield><subfield code="f">ReCAP</subfield><subfield code="f">Chinese Serials Collaborative Collection</subfield><subfield code="5">[MH, NjP, NN, or NNC]</subfield><subfield code="u">http://arks.princeton.edu/ark:/88435/dcxg94j1575</subfield></datafield><datafield tag="710" ind1="2" ind2=" "><subfield code="6">880-11</subfield><subfield code="a">Zhongguo qing nian chu ban she.</subfield><subfield code="0">http://id.loc.gov/authorities/names/n81066465</subfield></datafield><datafield tag="880" ind1="2" ind2=" "><subfield code="6">710-11</subfield><subfield code="a">中国青年出版社.</subfield></datafield><datafield tag="710" ind1="2" ind2=" "><subfield code="6">880-12</subfield><subfield code="a">Zhongguo qing nian chu ban zong she.</subfield></datafield><datafield tag="880" ind1="2" ind2=" "><subfield code="6">710-12</subfield><subfield code="a">中国青年出版总社.</subfield></datafield><datafield tag="710" ind1="2" ind2=" "><subfield code="6">880-13</subfield><subfield code="a">Gong qing tuan (China)</subfield><subfield code="0">http://id.loc.gov/authorities/names/n80113815</subfield></datafield><datafield tag="880" ind1="2" ind2=" "><subfield code="6">710-13</subfield><subfield code="a">共青团 (China)</subfield></datafield><datafield tag="852" ind1="0" ind2=" "><subfield code="a">NjP-G</subfield><subfield code="b">C</subfield><subfield code="h">AP95.C4</subfield><subfield code="i">Q56</subfield><subfield code="t">1</subfield><subfield code="x">CIN=CSW; OID=SML</subfield><subfield code="z">Library has: No.95 (1990)-no.254 (2001)</subfield></datafield><datafield tag="914" ind1=" " ind2=" "><subfield code="a">(OCoLC)ocm21359406</subfield><subfield code="b">OCoLC</subfield><subfield code="c">match</subfield><subfield code="d">20221117</subfield><subfield code="e">processed</subfield><subfield code="f">21359406</subfield></datafield><datafield tag="979" ind1=" " ind2=" "><subfield code="a">(OCoLC)ocn153541576</subfield></datafield><datafield tag="994" ind1=" " ind2=" "><subfield code="a">C0</subfield><subfield code="b">PUL</subfield></datafield><datafield tag="950" ind1=" " ind2=" "><subfield code="c">2024-09-18 12:27:18 US/Eastern</subfield><subfield code="b">2021-07-12 16:16:47 US/Eastern</subfield><subfield code="a">false</subfield></datafield><datafield tag="852" ind1="0" ind2=" "><subfield code="b">recap</subfield><subfield code="c">pa</subfield><subfield code="h">AP95.C4</subfield><subfield code="i">Q56</subfield><subfield code="8">22566015990006421</subfield></datafield><datafield tag="866" ind1=" " ind2="0"><subfield code="a">No. 95 (1990)-no. 638 (2017) 2018 no. 1 - 2018 no. 24</subfield><subfield code="8">22566015990006421</subfield></datafield><datafield tag="952" ind1=" " ind2=" "><subfield code="d">2025-01-24 21:36:22</subfield><subfield code="8">22566015990006421</subfield><subfield code="a">2021-07-12 20:16:47</subfield><subfield code="b">ReCAP</subfield><subfield code="c">rcppa: RECAP</subfield><subfield code="e">false</subfield></datafield><datafield tag="852" ind1="0" ind2=" "><subfield code="b">eastasian</subfield><subfield code="c">cjk</subfield><subfield code="h">AP95.C4</subfield><subfield code="i">Q56</subfield><subfield code="8">22566016870006421</subfield></datafield><datafield tag="866" ind1=" " ind2="0"><subfield code="a">2019 no. 1-2025 no. 12</subfield><subfield code="8">22566016870006421</subfield></datafield><datafield tag="866" ind1=" " ind2="0"><subfield code="z">CURRENT ISSUES IN: East Asian Library (Gest)</subfield><subfield code="8">22566016870006421</subfield></datafield><datafield tag="952" ind1=" " ind2=" "><subfield code="d">2025-10-28 17:08:59</subfield><subfield code="8">22566016870006421</subfield><subfield code="a">2021-07-12 20:16:47</subfield><subfield code="b">East Asian Library</subfield><subfield code="c">cjk: East Asian Library</subfield><subfield code="e">false</subfield></datafield><datafield tag="876" ind1=" " ind2=" "><subfield code="0">22566015990006421</subfield><subfield code="j">1</subfield><subfield code="z">pa</subfield><subfield code="p">32101046236178</subfield><subfield code="t">1</subfield><subfield code="a">23566015980006421</subfield><subfield code="3">no.95-106 1990</subfield><subfield code="d">2002-10-03 20:00:00 US/Eastern</subfield><subfield code="q">2002-10-04 06:59:00 US/Eastern</subfield><subfield code="y">recap</subfield></datafield><datafield tag="876" ind1=" " ind2=" "><subfield code="0">22566015990006421</subfield><subfield code="j">1</subfield><subfield code="z">pa</subfield><subfield code="p">32101046236160</subfield><subfield code="t">1</subfield><subfield code="a">23566015970006421</subfield><subfield code="3">no.107-118 1991</subfield><subfield code="d">2002-10-03 20:00:00 US/Eastern</subfield><subfield code="q">2002-10-04 06:59:00 US/Eastern</subfield><subfield code="y">recap</subfield></datafield><datafield tag="876" ind1=" " ind2=" "><subfield code="0">22566016870006421</subfield><subfield code="j">1</subfield><subfield code="z">cjk</subfield><subfield code="a">231092872690006421</subfield><subfield code="3">2025, no. 16 </subfield><subfield code="d">2025-11-13 16:26:28 US/Eastern</subfield><subfield code="q">2025-11-13 16:26:28 US/Eastern</subfield><subfield code="y">eastasian</subfield></datafield><datafield tag="876" ind1=" " ind2=" "><subfield code="0">22566015990006421</subfield><subfield code="j">1</subfield><subfield code="z">pa</subfield><subfield code="p">32101086665880</subfield><subfield code="t">1</subfield><subfield code="a">23566015770006421</subfield><subfield code="3">no.549-554 2014</subfield><subfield code="d">2014-10-02 20:00:00 US/Eastern</subfield><subfield code="q">2014-10-03 06:59:00 US/Eastern</subfield><subfield code="y">recap</subfield></datafield><datafield tag="876" ind1=" " ind2=" "><subfield code="0">22566016870006421</subfield><subfield code="j">1</subfield><subfield code="z">cjk</subfield><subfield code="p">32101114064551</subfield><subfield code="a">231091246710006421</subfield><subfield code="3">2025 no. 1-12 </subfield><subfield code="d">2025-10-28 13:08:06 US/Eastern</subfield><subfield code="q">2025-10-28 13:08:18 US/Eastern</subfield><subfield code="y">eastasian</subfield></datafield><datafield tag="876" ind1=" " ind2=" "><subfield code="0">22566016870006421</subfield><subfield code="j">1</subfield><subfield code="z">cjk</subfield><subfield code="p">32101114064569</subfield><subfield code="a">231091246720006421</subfield><subfield code="3">2024 no. 13-24 </subfield><subfield code="d">2025-10-28 13:05:46 US/Eastern</subfield><subfield code="q">2025-10-28 13:08:00 US/Eastern</subfield><subfield code="y">eastasian</subfield></datafield><datafield tag="876" ind1=" " ind2=" "><subfield code="0">22566015990006421</subfield><subfield code="j">1</subfield><subfield code="z">pa</subfield><subfield code="p">32101085634440</subfield><subfield code="t">1</subfield><subfield code="a">23566015780006421</subfield><subfield code="3">no.543-548 2014</subfield><subfield code="d">2014-06-25 20:00:00 US/Eastern</subfield><subfield code="q">2014-06-26 06:59:00 US/Eastern</subfield><subfield code="y">recap</subfield></datafield><datafield tag="876" ind1=" " ind2=" "><subfield code="0">22566016870006421</subfield><subfield code="j">1</subfield><subfield code="z">cjk</subfield><subfield code="a">231101289540006421</subfield><subfield code="3">2025, no. 18  </subfield><subfield code="d">2026-01-28 15:48:20 US/Eastern</subfield><subfield code="q">2026-01-28 15:48:20 US/Eastern</subfield><subfield code="y">eastasian</subfield></datafield><datafield tag="876" ind1=" " ind2=" "><subfield code="0">22566016870006421</subfield><subfield code="j">1</subfield><subfield code="z">cjk</subfield><subfield code="p">32101110384540</subfield><subfield code="a">23920183420006421</subfield><subfield code="3">2020 no. 13-24 </subfield><subfield code="d">2022-03-23 15:27:51 US/Eastern</subfield><subfield code="q">2022-03-23 15:28:19 US/Eastern</subfield><subfield code="y">eastasian</subfield></datafield><datafield tag="876" ind1=" " ind2=" "><subfield code="0">22566015990006421</subfield><subfield code="j">1</subfield><subfield code="z">pa</subfield><subfield code="p">32101093206827</subfield><subfield code="t">1</subfield><subfield code="a">23566015790006421</subfield><subfield code="3">no.519-524 2013</subfield><subfield code="d">2013-10-14 20:00:00 US/Eastern</subfield><subfield code="q">2013-10-15 06:59:00 US/Eastern</subfield><subfield code="y">recap</subfield></datafield><datafield tag="876" ind1=" " ind2=" "><subfield code="0">22566015990006421</subfield><subfield code="j">1</subfield><subfield code="z">pa</subfield><subfield code="p">32101050179017</subfield><subfield code="t">1</subfield><subfield code="a">23566015750006421</subfield><subfield code="3">no.291-302 2003</subfield><subfield code="d">2004-05-16 20:00:00 US/Eastern</subfield><subfield code="q">2004-05-17 06:59:00 US/Eastern</subfield><subfield code="y">recap</subfield></datafield><datafield tag="876" ind1=" " ind2=" "><subfield code="0">22566015990006421</subfield><subfield code="j">1</subfield><subfield code="z">pa</subfield><subfield code="p">32101050114550</subfield><subfield code="t">1</subfield><subfield code="a">23566015760006421</subfield><subfield code="3">no.279-290 2003</subfield><subfield code="d">2003-11-12 19:00:00 US/Eastern</subfield><subfield code="q">2003-11-13 05:59:00 US/Eastern</subfield><subfield code="y">recap</subfield></datafield><datafield tag="876" ind1=" " ind2=" "><subfield code="0">22566016870006421</subfield><subfield code="j">1</subfield><subfield code="z">cjk</subfield><subfield code="p">32101110384532</subfield><subfield code="a">23920183410006421</subfield><subfield code="3">2021 no. 1-12 </subfield><subfield code="d">2022-03-23 15:29:18 US/Eastern</subfield><subfield code="q">2022-03-23 15:29:38 US/Eastern</subfield><subfield code="y">eastasian</subfield></datafield><datafield tag="876" ind1=" " ind2=" "><subfield code="0">22566016870006421</subfield><subfield code="j">1</subfield><subfield code="z">cjk</subfield><subfield code="p">32101110384557</subfield><subfield code="a">23920183460006421</subfield><subfield code="3">2020 no. 1-12 </subfield><subfield code="d">2022-03-23 15:26:22 US/Eastern</subfield><subfield code="q">2022-03-23 15:26:46 US/Eastern</subfield><subfield code="y">eastasian</subfield></datafield><datafield tag="876" ind1=" " ind2=" "><subfield code="0">22566015990006421</subfield><subfield code="j">1</subfield><subfield code="z">pa</subfield><subfield code="p">32101066007327</subfield><subfield code="t">1</subfield><subfield code="a">23566015730006421</subfield><subfield code="3">no.375-386 2007</subfield><subfield code="d">2009-01-07 19:00:00 US/Eastern</subfield><subfield code="q">2009-01-08 05:59:00 US/Eastern</subfield><subfield code="y">recap</subfield></datafield><datafield tag="876" ind1=" " ind2=" "><subfield code="0">22566015990006421</subfield><subfield code="j">1</subfield><subfield code="z">pa</subfield><subfield code="p">32101056741406</subfield><subfield code="t">1</subfield><subfield code="a">23566015740006421</subfield><subfield code="3">no.315-326 2004</subfield><subfield code="d">2005-06-20 20:00:00 US/Eastern</subfield><subfield code="q">2005-06-21 06:59:00 US/Eastern</subfield><subfield code="y">recap</subfield></datafield><datafield tag="876" ind1=" " ind2=" "><subfield code="0">22566015990006421</subfield><subfield code="j">1</subfield><subfield code="z">pa</subfield><subfield code="p">32101046236087</subfield><subfield code="t">1</subfield><subfield code="a">23566015900006421</subfield><subfield code="3">no.191-202 1998</subfield><subfield code="d">2002-10-03 20:00:00 US/Eastern</subfield><subfield code="q">2002-10-04 06:59:00 US/Eastern</subfield><subfield code="y">recap</subfield></datafield><datafield tag="876" ind1=" " ind2=" "><subfield code="0">22566015990006421</subfield><subfield code="j">1</subfield><subfield code="z">pa</subfield><subfield code="p">32101046236095</subfield><subfield code="t">1</subfield><subfield code="a">23566015910006421</subfield><subfield code="3">no.179-190 1997</subfield><subfield code="d">2002-10-03 20:00:00 US/Eastern</subfield><subfield code="q">2002-10-04 06:59:00 US/Eastern</subfield><subfield code="y">recap</subfield></datafield><datafield tag="876" ind1=" " ind2=" "><subfield code="0">22566015990006421</subfield><subfield code="j">1</subfield><subfield code="z">pa</subfield><subfield code="p">32101046236137</subfield><subfield code="t">1</subfield><subfield code="a">23566015940006421</subfield><subfield code="3">no.143-154 1994</subfield><subfield code="d">2002-10-03 20:00:00 US/Eastern</subfield><subfield code="q">2002-10-04 06:59:00 US/Eastern</subfield><subfield code="y">recap</subfield></datafield><datafield tag="876" ind1=" " ind2=" "><subfield code="0">22566015990006421</subfield><subfield code="j">1</subfield><subfield code="z">pa</subfield><subfield code="p">32101046236145</subfield><subfield code="t">1</subfield><subfield code="a">23566015950006421</subfield><subfield code="3">no.131-142 1993</subfield><subfield code="d">2002-10-03 20:00:00 US/Eastern</subfield><subfield code="q">2002-10-04 06:59:00 US/Eastern</subfield><subfield code="y">recap</subfield></datafield><datafield tag="876" ind1=" " ind2=" "><subfield code="0">22566015990006421</subfield><subfield code="j">1</subfield><subfield code="z">pa</subfield><subfield code="p">32101046236129</subfield><subfield code="t">1</subfield><subfield code="a">23566015930006421</subfield><subfield code="3">no.155-166 1995</subfield><subfield code="d">2002-10-03 20:00:00 US/Eastern</subfield><subfield code="q">2002-10-04 06:59:00 US/Eastern</subfield><subfield code="y">recap</subfield></datafield><datafield tag="876" ind1=" " ind2=" "><subfield code="0">22566015990006421</subfield><subfield code="j">1</subfield><subfield code="z">pa</subfield><subfield code="p">32101046236111</subfield><subfield code="t">1</subfield><subfield code="a">23566015920006421</subfield><subfield code="3">no.167-178 1996</subfield><subfield code="d">2002-10-03 20:00:00 US/Eastern</subfield><subfield code="q">2002-10-04 06:59:00 US/Eastern</subfield><subfield code="y">recap</subfield></datafield><datafield tag="876" ind1=" " ind2=" "><subfield code="0">22566015990006421</subfield><subfield code="j">1</subfield><subfield code="z">pa</subfield><subfield code="p">32101046236152</subfield><subfield code="t">1</subfield><subfield code="a">23566015960006421</subfield><subfield code="3">no.119-130 1992</subfield><subfield code="d">2002-10-03 20:00:00 US/Eastern</subfield><subfield code="q">2002-10-04 06:59:00 US/Eastern</subfield><subfield code="y">recap</subfield></datafield><datafield tag="876" ind1=" " ind2=" "><subfield code="0">22566016870006421</subfield><subfield code="j">1</subfield><subfield code="z">cjk</subfield><subfield code="a">231088248660006421</subfield><subfield code="3">2025, no. 14 </subfield><subfield code="d">2025-09-19 12:13:40 US/Eastern</subfield><subfield code="q">2025-09-19 12:13:40 US/Eastern</subfield><subfield code="y">eastasian</subfield></datafield><datafield tag="876" ind1=" " ind2=" "><subfield code="0">22566015990006421</subfield><subfield code="j">1</subfield><subfield code="z">pa</subfield><subfield code="p">32101086208723</subfield><subfield code="t">1</subfield><subfield code="a">23566015500006421</subfield><subfield code="3">no.471-482 2011</subfield><subfield code="d">2012-03-25 20:00:00 US/Eastern</subfield><subfield code="q">2012-03-26 06:59:00 US/Eastern</subfield><subfield code="y">recap</subfield></datafield><datafield tag="876" ind1=" " ind2=" "><subfield code="0">22566015990006421</subfield><subfield code="j">1</subfield><subfield code="z">pa</subfield><subfield code="p">32101075956167</subfield><subfield code="t">1</subfield><subfield code="a">23566015520006421</subfield><subfield code="3">no.423-434 2009</subfield><subfield code="d">2010-06-06 20:00:00 US/Eastern</subfield><subfield code="q">2010-06-07 06:59:00 US/Eastern</subfield><subfield code="y">recap</subfield></datafield><datafield tag="876" ind1=" " ind2=" "><subfield code="0">22566015990006421</subfield><subfield code="j">1</subfield><subfield code="z">pa</subfield><subfield code="p">32101078974670</subfield><subfield code="t">1</subfield><subfield code="a">23566015700006421</subfield><subfield code="3">no.435-446 2009</subfield><subfield code="d">2010-09-29 20:00:00 US/Eastern</subfield><subfield code="q">2010-09-30 06:59:00 US/Eastern</subfield><subfield code="y">recap</subfield></datafield><datafield tag="876" ind1=" " ind2=" "><subfield code="0">22566015990006421</subfield><subfield code="j">1</subfield><subfield code="z">pa</subfield><subfield code="p">32101063085169</subfield><subfield code="t">1</subfield><subfield code="a">23566015610006421</subfield><subfield code="3">no.363-374 2006</subfield><subfield code="d">2007-10-09 20:00:00 US/Eastern</subfield><subfield code="q">2007-10-10 06:59:00 US/Eastern</subfield><subfield code="y">recap</subfield></datafield><datafield tag="876" ind1=" " ind2=" "><subfield code="0">22566015990006421</subfield><subfield code="j">1</subfield><subfield code="z">pa</subfield><subfield code="p">32101104918063</subfield><subfield code="t">1</subfield><subfield code="a">23566015630006421</subfield><subfield code="3">no.631-638 2017</subfield><subfield code="d">2018-03-29 20:00:00 US/Eastern</subfield><subfield code="q">2018-03-30 06:59:00 US/Eastern</subfield><subfield code="y">recap</subfield></datafield><datafield tag="876" ind1=" " ind2=" "><subfield code="0">22566015990006421</subfield><subfield code="j">1</subfield><subfield code="z">pa</subfield><subfield code="p">32101066007335</subfield><subfield code="t">1</subfield><subfield code="a">23566015720006421</subfield><subfield code="3">no.387-398 2007</subfield><subfield code="d">2009-01-07 19:00:00 US/Eastern</subfield><subfield code="q">2009-01-08 05:59:00 US/Eastern</subfield><subfield code="y">recap</subfield></datafield><datafield tag="876" ind1=" " ind2=" "><subfield code="0">22566016870006421</subfield><subfield code="j">1</subfield><subfield code="z">cjk</subfield><subfield code="a">231101286300006421</subfield><subfield code="3">2025 no. 22 </subfield><subfield code="d">2026-01-29 15:56:51 US/Eastern</subfield><subfield code="q">2026-01-29 15:57:02 US/Eastern</subfield><subfield code="y">eastasian</subfield></datafield><datafield tag="876" ind1=" " ind2=" "><subfield code="0">22566015990006421</subfield><subfield code="j">1</subfield><subfield code="z">pa</subfield><subfield code="p">32101104918089</subfield><subfield code="t">1</subfield><subfield code="a">23566015650006421</subfield><subfield code="3">no.615-622 2017</subfield><subfield code="d">2018-03-29 20:00:00 US/Eastern</subfield><subfield code="q">2018-03-30 06:59:00 US/Eastern</subfield><subfield code="y">recap</subfield></datafield><datafield tag="876" ind1=" " ind2=" "><subfield code="0">22566015990006421</subfield><subfield code="j">1</subfield><subfield code="z">pa</subfield><subfield code="p">32101086655956</subfield><subfield code="t">1</subfield><subfield code="a">23566015490006421</subfield><subfield code="3">no.537-542 2013</subfield><subfield code="d">2014-03-06 19:00:00 US/Eastern</subfield><subfield code="q">2014-03-07 05:59:00 US/Eastern</subfield><subfield code="y">recap</subfield></datafield><datafield tag="876" ind1=" " ind2=" "><subfield code="0">22566015990006421</subfield><subfield code="j">1</subfield><subfield code="z">pa</subfield><subfield code="p">32101056669664</subfield><subfield code="t">1</subfield><subfield code="a">23566015540006421</subfield><subfield code="3">no.303-314 2004</subfield><subfield code="d">2004-11-02 19:00:00 US/Eastern</subfield><subfield code="q">2004-11-03 05:59:00 US/Eastern</subfield><subfield code="y">recap</subfield></datafield><datafield tag="876" ind1=" " ind2=" "><subfield code="0">22566015990006421</subfield><subfield code="j">1</subfield><subfield code="z">pa</subfield><subfield code="p">32101048732398</subfield><subfield code="t">1</subfield><subfield code="a">23566015560006421</subfield><subfield code="3">no.255-266 2002</subfield><subfield code="d">2003-04-23 20:00:00 US/Eastern</subfield><subfield code="q">2003-04-24 06:59:00 US/Eastern</subfield><subfield code="y">recap</subfield></datafield><datafield tag="876" ind1=" " ind2=" "><subfield code="0">22566015990006421</subfield><subfield code="j">1</subfield><subfield code="z">pa</subfield><subfield code="p">32101080398777</subfield><subfield code="t">1</subfield><subfield code="a">23566015580006421</subfield><subfield code="3">no.555-560 2014</subfield><subfield code="d">2015-02-22 19:00:00 US/Eastern</subfield><subfield code="q">2015-02-23 05:59:00 US/Eastern</subfield><subfield code="y">recap</subfield></datafield><datafield tag="876" ind1=" " ind2=" "><subfield code="0">22566015990006421</subfield><subfield code="j">1</subfield><subfield code="z">pa</subfield><subfield code="p">32101086732599</subfield><subfield code="t">1</subfield><subfield code="a">23566015450006421</subfield><subfield code="3">no.573-578 2015</subfield><subfield code="d">2015-10-01 20:00:00 US/Eastern</subfield><subfield code="q">2015-10-02 06:59:00 US/Eastern</subfield><subfield code="y">recap</subfield></datafield><datafield tag="876" ind1=" " ind2=" "><subfield code="0">22566016870006421</subfield><subfield code="j">1</subfield><subfield code="z">cjk</subfield><subfield code="a">231101092080006421</subfield><subfield code="3">2025, no. 19 </subfield><subfield code="d">2026-01-28 11:09:04 US/Eastern</subfield><subfield code="q">2026-01-28 11:09:04 US/Eastern</subfield><subfield code="y">eastasian</subfield></datafield><datafield tag="876" ind1=" " ind2=" "><subfield code="0">22566015990006421</subfield><subfield code="j">1</subfield><subfield code="z">pa</subfield><subfield code="p">32101081418731</subfield><subfield code="t">1</subfield><subfield code="a">23566015470006421</subfield><subfield code="3">no.561-566 2014</subfield><subfield code="d">2015-03-03 19:00:00 US/Eastern</subfield><subfield code="q">2015-03-04 05:59:00 US/Eastern</subfield><subfield code="y">recap</subfield></datafield><datafield tag="876" ind1=" " ind2=" "><subfield code="0">22566015990006421</subfield><subfield code="j">1</subfield><subfield code="z">pa</subfield><subfield code="p">32101099724401</subfield><subfield code="t">1</subfield><subfield code="a">23566015430006421</subfield><subfield code="3">no.585-590 2015</subfield><subfield code="d">2016-06-22 20:00:00 US/Eastern</subfield><subfield code="q">2016-06-23 06:59:00 US/Eastern</subfield><subfield code="y">recap</subfield></datafield><datafield tag="876" ind1=" " ind2=" "><subfield code="0">22566016870006421</subfield><subfield code="j">1</subfield><subfield code="z">cjk</subfield><subfield code="p">32101117975134</subfield><subfield code="a">23966770420006421</subfield><subfield code="3">2022 no. 13-24 </subfield><subfield code="d">2023-03-27 12:42:54 US/Eastern</subfield><subfield code="q">2023-03-27 12:43:12 US/Eastern</subfield><subfield code="y">eastasian</subfield></datafield><datafield tag="876" ind1=" " ind2=" "><subfield code="0">22566016870006421</subfield><subfield code="j">1</subfield><subfield code="z">cjk</subfield><subfield code="p">32101117975159</subfield><subfield code="a">23966770440006421</subfield><subfield code="3">2021 no. 13-24 </subfield><subfield code="d">2023-03-27 12:39:21 US/Eastern</subfield><subfield code="q">2023-03-27 12:39:54 US/Eastern</subfield><subfield code="y">eastasian</subfield></datafield><datafield tag="876" ind1=" " ind2=" "><subfield code="0">22566016870006421</subfield><subfield code="j">1</subfield><subfield code="z">cjk</subfield><subfield code="p">32101114087248</subfield><subfield code="a">231000699150006421</subfield><subfield code="3">2023 no. 1-12 </subfield><subfield code="d">2023-11-13 14:34:02 US/Eastern</subfield><subfield code="q">2023-11-13 14:34:18 US/Eastern</subfield><subfield code="y">eastasian</subfield></datafield><datafield tag="876" ind1=" " ind2=" "><subfield code="0">22566015990006421</subfield><subfield code="j">1</subfield><subfield code="z">pa</subfield><subfield code="p">32101108701630</subfield><subfield code="t">1</subfield><subfield code="a">23566016020006421</subfield><subfield code="3">2018, no. 13-24</subfield><subfield code="d">2020-07-29 20:00:00 US/Eastern</subfield><subfield code="q">2020-07-30 16:35:19 US/Eastern</subfield><subfield code="y">recap</subfield></datafield><datafield tag="876" ind1=" " ind2=" "><subfield code="0">22566015990006421</subfield><subfield code="j">1</subfield><subfield code="z">pa</subfield><subfield code="p">32101108701648</subfield><subfield code="t">1</subfield><subfield code="a">23566016030006421</subfield><subfield code="3">2018, no. 1-12</subfield><subfield code="d">2020-07-29 20:00:00 US/Eastern</subfield><subfield code="q">2020-07-30 16:35:12 US/Eastern</subfield><subfield code="y">recap</subfield></datafield><datafield tag="876" ind1=" " ind2=" "><subfield code="0">22566016870006421</subfield><subfield code="j">1</subfield><subfield code="z">cjk</subfield><subfield code="p">32101108701622</subfield><subfield code="t">1</subfield><subfield code="a">23566016010006421</subfield><subfield code="3">2019, no. 1-12</subfield><subfield code="d">2020-07-29 20:00:00 US/Eastern</subfield><subfield code="q">2020-07-30 06:59:00 US/Eastern</subfield><subfield code="y">eastasian</subfield></datafield><datafield tag="876" ind1=" " ind2=" "><subfield code="0">22566016870006421</subfield><subfield code="j">1</subfield><subfield code="z">cjk</subfield><subfield code="p">32101115484733</subfield><subfield code="a">231000699160006421</subfield><subfield code="3">2023 no. 13-24 </subfield><subfield code="d">2023-11-13 14:32:55 US/Eastern</subfield><subfield code="q">2024-03-08 12:03:11 US/Eastern</subfield><subfield code="y">eastasian</subfield></datafield><datafield tag="876" ind1=" " ind2=" "><subfield code="0">22566015990006421</subfield><subfield code="j">1</subfield><subfield code="z">pa</subfield><subfield code="p">32101066012533</subfield><subfield code="t">1</subfield><subfield code="a">23566015860006421</subfield><subfield code="3">no.339-350 2005</subfield><subfield code="d">2009-03-24 20:00:00 US/Eastern</subfield><subfield code="q">2009-03-25 06:59:00 US/Eastern</subfield><subfield code="y">recap</subfield></datafield><datafield tag="876" ind1=" " ind2=" "><subfield code="0">22566015990006421</subfield><subfield code="j">1</subfield><subfield code="z">pa</subfield><subfield code="p">32101046236053</subfield><subfield code="t">1</subfield><subfield code="a">23566015870006421</subfield><subfield code="3">no.231-254 2001</subfield><subfield code="d">2002-10-03 20:00:00 US/Eastern</subfield><subfield code="q">2002-10-04 06:59:00 US/Eastern</subfield><subfield code="y">recap</subfield></datafield><datafield tag="876" ind1=" " ind2=" "><subfield code="0">22566015990006421</subfield><subfield code="j">1</subfield><subfield code="z">pa</subfield><subfield code="p">32101046236079</subfield><subfield code="t">1</subfield><subfield code="a">23566015890006421</subfield><subfield code="3">no.203-214 1999</subfield><subfield code="d">2002-10-03 20:00:00 US/Eastern</subfield><subfield code="q">2002-10-04 06:59:00 US/Eastern</subfield><subfield code="y">recap</subfield></datafield><datafield tag="876" ind1=" " ind2=" "><subfield code="0">22566015990006421</subfield><subfield code="j">1</subfield><subfield code="z">pa</subfield><subfield code="p">32101046236061</subfield><subfield code="t">1</subfield><subfield code="a">23566015880006421</subfield><subfield code="3">no.215-230 2000</subfield><subfield code="d">2002-10-03 20:00:00 US/Eastern</subfield><subfield code="q">2002-10-04 06:59:00 US/Eastern</subfield><subfield code="y">recap</subfield></datafield><datafield tag="876" ind1=" " ind2=" "><subfield code="0">22566015990006421</subfield><subfield code="j">1</subfield><subfield code="z">pa</subfield><subfield code="p">32101104918105</subfield><subfield code="t">1</subfield><subfield code="a">23566015690006421</subfield><subfield code="3">no.603-608 2016</subfield><subfield code="d">2018-03-29 20:00:00 US/Eastern</subfield><subfield code="q">2018-03-30 06:59:00 US/Eastern</subfield><subfield code="y">recap</subfield></datafield><datafield tag="876" ind1=" " ind2=" "><subfield code="0">22566015990006421</subfield><subfield code="j">1</subfield><subfield code="z">pa</subfield><subfield code="p">32101104918097</subfield><subfield code="t">1</subfield><subfield code="a">23566015680006421</subfield><subfield code="3">no.609-614 2016</subfield><subfield code="d">2018-03-29 20:00:00 US/Eastern</subfield><subfield code="q">2018-03-30 06:59:00 US/Eastern</subfield><subfield code="y">recap</subfield></datafield><datafield tag="876" ind1=" " ind2=" "><subfield code="0">22566016870006421</subfield><subfield code="j">1</subfield><subfield code="z">cjk</subfield><subfield code="p">32101108701614</subfield><subfield code="t">1</subfield><subfield code="a">23566016000006421</subfield><subfield code="3">2019, no. 13-24</subfield><subfield code="d">2020-07-29 20:00:00 US/Eastern</subfield><subfield code="q">2020-07-30 06:59:00 US/Eastern</subfield><subfield code="y">eastasian</subfield></datafield><datafield tag="876" ind1=" " ind2=" "><subfield code="0">22566015990006421</subfield><subfield code="j">1</subfield><subfield code="z">pa</subfield><subfield code="p">32101093205043</subfield><subfield code="t">1</subfield><subfield code="a">23566015820006421</subfield><subfield code="3">no.503-510 2012</subfield><subfield code="d">2013-10-06 20:00:00 US/Eastern</subfield><subfield code="q">2013-10-07 06:59:00 US/Eastern</subfield><subfield code="y">recap</subfield></datafield><datafield tag="876" ind1=" " ind2=" "><subfield code="0">22566016870006421</subfield><subfield code="j">1</subfield><subfield code="z">cjk</subfield><subfield code="a">231101286250006421</subfield><subfield code="3">2025 no. 23 </subfield><subfield code="d">2026-01-29 16:02:29 US/Eastern</subfield><subfield code="q">2026-01-29 16:02:38 US/Eastern</subfield><subfield code="y">eastasian</subfield></datafield><datafield tag="876" ind1=" " ind2=" "><subfield code="0">22566015990006421</subfield><subfield code="j">1</subfield><subfield code="z">pa</subfield><subfield code="p">32101093205068</subfield><subfield code="t">1</subfield><subfield code="a">23566015800006421</subfield><subfield code="3">no.525-530 2013</subfield><subfield code="d">2013-10-06 20:00:00 US/Eastern</subfield><subfield code="q">2013-10-07 06:59:00 US/Eastern</subfield><subfield code="y">recap</subfield></datafield><datafield tag="876" ind1=" " ind2=" "><subfield code="0">22566015990006421</subfield><subfield code="j">1</subfield><subfield code="z">pa</subfield><subfield code="p">32101093205050</subfield><subfield code="t">1</subfield><subfield code="a">23566015810006421</subfield><subfield code="3">no.511-518 2012</subfield><subfield code="d">2013-10-06 20:00:00 US/Eastern</subfield><subfield code="q">2013-10-07 06:59:00 US/Eastern</subfield><subfield code="y">recap</subfield></datafield><datafield tag="876" ind1=" " ind2=" "><subfield code="0">22566015990006421</subfield><subfield code="j">1</subfield><subfield code="z">pa</subfield><subfield code="p">32101082788116</subfield><subfield code="t">1</subfield><subfield code="a">23566015830006421</subfield><subfield code="3">no.447-458 2010</subfield><subfield code="d">2011-06-06 20:00:00 US/Eastern</subfield><subfield code="q">2011-06-07 06:59:00 US/Eastern</subfield><subfield code="y">recap</subfield></datafield><datafield tag="876" ind1=" " ind2=" "><subfield code="0">22566016870006421</subfield><subfield code="j">1</subfield><subfield code="z">cjk</subfield><subfield code="a">231092872530006421</subfield><subfield code="3">2025, no. 17 </subfield><subfield code="d">2025-11-13 16:45:51 US/Eastern</subfield><subfield code="q">2025-11-13 16:45:51 US/Eastern</subfield><subfield code="y">eastasian</subfield></datafield><datafield tag="876" ind1=" " ind2=" "><subfield code="0">22566015990006421</subfield><subfield code="j">1</subfield><subfield code="z">pa</subfield><subfield code="p">32101081848523</subfield><subfield code="t">1</subfield><subfield code="a">23566015510006421</subfield><subfield code="3">no.459-470 2010</subfield><subfield code="d">2012-02-15 19:00:00 US/Eastern</subfield><subfield code="q">2012-02-16 05:59:00 US/Eastern</subfield><subfield code="y">recap</subfield></datafield><datafield tag="876" ind1=" " ind2=" "><subfield code="0">22566016870006421</subfield><subfield code="j">1</subfield><subfield code="z">cjk</subfield><subfield code="a">231087024880006421</subfield><subfield code="3">2025, no. 13 </subfield><subfield code="d">2025-09-10 14:32:15 US/Eastern</subfield><subfield code="q">2025-09-10 14:32:15 US/Eastern</subfield><subfield code="y">eastasian</subfield></datafield><datafield tag="876" ind1=" " ind2=" "><subfield code="0">22566015990006421</subfield><subfield code="j">1</subfield><subfield code="z">pa</subfield><subfield code="p">32101049624065</subfield><subfield code="t">1</subfield><subfield code="a">23566015600006421</subfield><subfield code="3">no.483-494 2011</subfield><subfield code="d">2013-03-06 19:00:00 US/Eastern</subfield><subfield code="q">2013-03-07 05:59:00 US/Eastern</subfield><subfield code="y">recap</subfield></datafield><datafield tag="876" ind1=" " ind2=" "><subfield code="0">22566015990006421</subfield><subfield code="j">1</subfield><subfield code="z">pa</subfield><subfield code="p">32101063085151</subfield><subfield code="t">1</subfield><subfield code="a">23566015620006421</subfield><subfield code="3">no.351-362 2006</subfield><subfield code="d">2007-10-09 20:00:00 US/Eastern</subfield><subfield code="q">2007-10-10 06:59:00 US/Eastern</subfield><subfield code="y">recap</subfield></datafield><datafield tag="876" ind1=" " ind2=" "><subfield code="0">22566015990006421</subfield><subfield code="j">1</subfield><subfield code="z">pa</subfield><subfield code="p">32101066007343</subfield><subfield code="t">1</subfield><subfield code="a">23566015710006421</subfield><subfield code="3">no.399-410 2008</subfield><subfield code="d">2009-01-07 19:00:00 US/Eastern</subfield><subfield code="q">2009-01-08 05:59:00 US/Eastern</subfield><subfield code="y">recap</subfield></datafield><datafield tag="876" ind1=" " ind2=" "><subfield code="0">22566016870006421</subfield><subfield code="j">1</subfield><subfield code="z">cjk</subfield><subfield code="a">231088249190006421</subfield><subfield code="3">2025, no. 15 </subfield><subfield code="d">2025-09-19 11:38:10 US/Eastern</subfield><subfield code="q">2025-09-19 11:38:10 US/Eastern</subfield><subfield code="y">eastasian</subfield></datafield><datafield tag="876" ind1=" " ind2=" "><subfield code="0">22566016870006421</subfield><subfield code="j">1</subfield><subfield code="z">cjk</subfield><subfield code="p">32101115427575</subfield><subfield code="a">231036007550006421</subfield><subfield code="3">2024 no. 1-12 </subfield><subfield code="d">2024-11-27 11:20:27 US/Eastern</subfield><subfield code="q">2024-11-27 11:20:42 US/Eastern</subfield><subfield code="y">eastasian</subfield></datafield><datafield tag="876" ind1=" " ind2=" "><subfield code="0">22566015990006421</subfield><subfield code="j">1</subfield><subfield code="z">pa</subfield><subfield code="p">32101093249785</subfield><subfield code="t">1</subfield><subfield code="a">23566015480006421</subfield><subfield code="3">no.531-536 2013</subfield><subfield code="d">2014-04-08 20:00:00 US/Eastern</subfield><subfield code="q">2014-04-09 06:59:00 US/Eastern</subfield><subfield code="y">recap</subfield></datafield><datafield tag="876" ind1=" " ind2=" "><subfield code="0">22566015990006421</subfield><subfield code="j">1</subfield><subfield code="z">pa</subfield><subfield code="p">32101095181085</subfield><subfield code="t">1</subfield><subfield code="a">23566015390006421</subfield><subfield code="3">2005, no.1-3  cai ban edition 2005</subfield><subfield code="d">2017-07-16 20:00:00 US/Eastern</subfield><subfield code="q">2017-07-17 06:59:00 US/Eastern</subfield><subfield code="y">recap</subfield></datafield><datafield tag="876" ind1=" " ind2=" "><subfield code="0">22566015990006421</subfield><subfield code="j">1</subfield><subfield code="z">pa</subfield><subfield code="p">32101104918071</subfield><subfield code="t">1</subfield><subfield code="a">23566015640006421</subfield><subfield code="3">no.623-630 2017</subfield><subfield code="d">2018-03-29 20:00:00 US/Eastern</subfield><subfield code="q">2018-03-30 06:59:00 US/Eastern</subfield><subfield code="y">recap</subfield></datafield><datafield tag="876" ind1=" " ind2=" "><subfield code="0">22566015990006421</subfield><subfield code="j">1</subfield><subfield code="z">pa</subfield><subfield code="p">32101048732372</subfield><subfield code="t">1</subfield><subfield code="a">23566015550006421</subfield><subfield code="3">no.267-278 2002</subfield><subfield code="d">2003-04-23 20:00:00 US/Eastern</subfield><subfield code="q">2003-04-24 06:59:00 US/Eastern</subfield><subfield code="y">recap</subfield></datafield><datafield tag="876" ind1=" " ind2=" "><subfield code="0">22566015990006421</subfield><subfield code="j">1</subfield><subfield code="z">pa</subfield><subfield code="p">32101066011782</subfield><subfield code="t">1</subfield><subfield code="a">23566015570006421</subfield><subfield code="3">no.327-338 2005</subfield><subfield code="d">2009-03-12 20:00:00 US/Eastern</subfield><subfield code="q">2009-03-13 06:59:00 US/Eastern</subfield><subfield code="y">recap</subfield></datafield><datafield tag="876" ind1=" " ind2=" "><subfield code="0">22566015990006421</subfield><subfield code="j">1</subfield><subfield code="z">pa</subfield><subfield code="p">32101049624073</subfield><subfield code="t">1</subfield><subfield code="a">23566015590006421</subfield><subfield code="3">no.495-502 2012</subfield><subfield code="d">2013-03-06 19:00:00 US/Eastern</subfield><subfield code="q">2013-03-07 05:59:00 US/Eastern</subfield><subfield code="y">recap</subfield></datafield><datafield tag="876" ind1=" " ind2=" "><subfield code="0">22566015990006421</subfield><subfield code="j">1</subfield><subfield code="z">pa</subfield><subfield code="p">32101072396144</subfield><subfield code="t">1</subfield><subfield code="a">23566015530006421</subfield><subfield code="3">no.411-422 2008</subfield><subfield code="d">2009-10-08 20:00:00 US/Eastern</subfield><subfield code="q">2009-10-09 06:59:00 US/Eastern</subfield><subfield code="y">recap</subfield></datafield><datafield tag="876" ind1=" " ind2=" "><subfield code="0">22566015990006421</subfield><subfield code="j">1</subfield><subfield code="z">pa</subfield><subfield code="p">32101099724393</subfield><subfield code="t">1</subfield><subfield code="a">23566015440006421</subfield><subfield code="3">no.579-584 2015</subfield><subfield code="d">2016-06-22 20:00:00 US/Eastern</subfield><subfield code="q">2016-06-23 06:59:00 US/Eastern</subfield><subfield code="y">recap</subfield></datafield><datafield tag="876" ind1=" " ind2=" "><subfield code="0">22566016870006421</subfield><subfield code="j">1</subfield><subfield code="z">cjk</subfield><subfield code="a">231100145950006421</subfield><subfield code="3">2025 no. 20 </subfield><subfield code="d">2026-01-15 10:04:09 US/Eastern</subfield><subfield code="q">2026-01-15 10:04:09 US/Eastern</subfield><subfield code="y">eastasian</subfield></datafield><datafield tag="876" ind1=" " ind2=" "><subfield code="0">22566016870006421</subfield><subfield code="j">1</subfield><subfield code="z">cjk</subfield><subfield code="a">231100145990006421</subfield><subfield code="3">2025 no. 21 </subfield><subfield code="d">2026-01-15 10:01:27 US/Eastern</subfield><subfield code="q">2026-01-15 10:01:27 US/Eastern</subfield><subfield code="y">eastasian</subfield></datafield><datafield tag="876" ind1=" " ind2=" "><subfield code="0">22566015990006421</subfield><subfield code="j">1</subfield><subfield code="z">pa</subfield><subfield code="p">32101080407321</subfield><subfield code="t">1</subfield><subfield code="a">23566015460006421</subfield><subfield code="3">no.567-572 2015</subfield><subfield code="d">2015-08-02 20:00:00 US/Eastern</subfield><subfield code="q">2015-08-03 06:59:00 US/Eastern</subfield><subfield code="y">recap</subfield></datafield><datafield tag="876" ind1=" " ind2=" "><subfield code="0">22566015990006421</subfield><subfield code="j">1</subfield><subfield code="z">pa</subfield><subfield code="p">32101099533638</subfield><subfield code="t">1</subfield><subfield code="a">23566015420006421</subfield><subfield code="3">no.591-602 2016</subfield><subfield code="d">2017-03-20 20:00:00 US/Eastern</subfield><subfield code="q">2017-03-21 06:59:00 US/Eastern</subfield><subfield code="y">recap</subfield></datafield><datafield tag="876" ind1=" " ind2=" "><subfield code="0">22566016870006421</subfield><subfield code="j">1</subfield><subfield code="z">cjk</subfield><subfield code="p">32101117975142</subfield><subfield code="a">23966770430006421</subfield><subfield code="3">2022 no. 1-13 </subfield><subfield code="d">2023-03-27 12:41:04 US/Eastern</subfield><subfield code="q">2023-03-27 12:41:19 US/Eastern</subfield><subfield code="y">eastasian</subfield></datafield></record>