<record><leader>02364cas a2200493Ii 4500</leader><controlfield tag="005">20240916143310.0</controlfield><controlfield tag="008">150828c20159999cc wr p       0   e0chi d</controlfield><controlfield tag="001">9991641943506421</controlfield><datafield tag="022" ind1=" " ind2=" "><subfield code="a">2095-9826</subfield></datafield><datafield tag="035" ind1=" " ind2=" "><subfield code="a">(NjP)9164194-princetondb</subfield></datafield><datafield tag="035" ind1=" " ind2=" "><subfield code="a">(OCoLC)ocn919318659</subfield></datafield><datafield tag="035" ind1=" " ind2=" "><subfield code="z">(NjP)Voyager9164194</subfield></datafield><datafield tag="040" ind1=" " ind2=" "><subfield code="a">PULEA</subfield><subfield code="b">eng</subfield><subfield code="e">rda</subfield><subfield code="c">PULEA</subfield></datafield><datafield tag="049" ind1=" " ind2=" "><subfield code="a">MAIN</subfield></datafield><datafield tag="090" ind1=" " ind2=" "><subfield code="a">AP95.C4</subfield><subfield code="b">R472</subfield></datafield><datafield tag="130" ind1="0" ind2=" "><subfield code="6">880-01</subfield><subfield code="a">Ren min zhou kan (2015)</subfield></datafield><datafield tag="880" ind1="0" ind2=" "><subfield code="6">130-01</subfield><subfield code="a">人民周刊 （2015）</subfield></datafield><datafield tag="245" ind1="1" ind2="0"><subfield code="6">880-02</subfield><subfield code="a">Ren min zhou kan =</subfield><subfield code="b">People's weekly.</subfield></datafield><datafield tag="880" ind1="1" ind2="0"><subfield code="6">245-02</subfield><subfield code="a">人民周刊 =</subfield><subfield code="b">People's weekly.</subfield></datafield><datafield tag="246" ind1="3" ind2="1"><subfield code="a">People's weekly</subfield></datafield><datafield tag="264" ind1=" " ind2="1"><subfield code="6">880-03</subfield><subfield code="a">Beijing :</subfield><subfield code="b">Ren min zhou kan za zhi she,</subfield><subfield code="c">2015-</subfield></datafield><datafield tag="880" ind1=" " ind2="1"><subfield code="6">264-03</subfield><subfield code="a">北京:</subfield><subfield code="b">人民周刊杂志社,</subfield><subfield code="c">2015-</subfield></datafield><datafield tag="300" ind1=" " ind2=" "><subfield code="a">volumes :</subfield><subfield code="b">illustrations ;</subfield><subfield code="c">28 cm</subfield></datafield><datafield tag="310" ind1=" " ind2=" "><subfield code="a">Weekly</subfield></datafield><datafield tag="336" ind1=" " ind2=" "><subfield code="a">text</subfield><subfield code="b">txt</subfield><subfield code="2">rdacontent</subfield></datafield><datafield tag="337" ind1=" " ind2=" "><subfield code="a">unmediated</subfield><subfield code="b">n</subfield><subfield code="2">rdamedia</subfield></datafield><datafield tag="338" ind1=" " ind2=" "><subfield code="a">volume</subfield><subfield code="b">nc</subfield><subfield code="2">rdacarrier</subfield></datafield><datafield tag="362" ind1="1" ind2=" "><subfield code="6">880-04</subfield><subfield code="a">Began with: 2015 nian di 1 qi = chuang kan hao.</subfield></datafield><datafield tag="880" ind1="1" ind2=" "><subfield code="6">362-04</subfield><subfield code="a">Began with: 2015年第1期 = 创刊号.</subfield></datafield><datafield tag="583" ind1="1" ind2=" "><subfield code="a">Committed to retain</subfield><subfield code="d">in perpetuity</subfield><subfield code="f">ReCAP</subfield><subfield code="f">Chinese Serials Collaborative Collection</subfield><subfield code="5">[MH, NjP, NN, or NNC]</subfield><subfield code="u">http://arks.princeton.edu/ark:/88435/dcxg94j1575</subfield></datafield><datafield tag="588" ind1="0" ind2=" "><subfield code="6">880-05</subfield><subfield code="a">2015 nian di 1 qi = chuang kan hao; title from cover.</subfield></datafield><datafield tag="880" ind1="0" ind2=" "><subfield code="6">588-05</subfield><subfield code="a">2015年第1期 = 创刊号; title from cover.</subfield></datafield><datafield tag="588" ind1="1" ind2=" "><subfield code="6">880-06</subfield><subfield code="a">2015 nian di 1 qi.</subfield></datafield><datafield tag="880" ind1="1" ind2=" "><subfield code="6">588-06</subfield><subfield code="a">2015年第1期.</subfield></datafield><datafield tag="550" ind1=" " ind2=" "><subfield code="a">Zhu guan: Ren min ri bao she; sponsored by: Ren min ri bao chu ban she.</subfield></datafield><datafield tag="710" ind1="2" ind2=" "><subfield code="6">880-07</subfield><subfield code="a">Ren min ri bao she.</subfield><subfield code="0">http://id.loc.gov/authorities/names/n79010019</subfield></datafield><datafield tag="880" ind1="2" ind2=" "><subfield code="6">710-07</subfield><subfield code="a">人民日报社.</subfield></datafield><datafield tag="710" ind1="2" ind2=" "><subfield code="6">880-08</subfield><subfield code="a">Ren min ri bao chu ban she,</subfield><subfield code="e">sponsoring body.</subfield><subfield code="0">http://id.loc.gov/authorities/names/n83171186</subfield></datafield><datafield tag="880" ind1="2" ind2=" "><subfield code="6">710-08</subfield><subfield code="a">人民日报出版社,</subfield><subfield code="e">sponsoring body.</subfield></datafield><datafield tag="780" ind1="0" ind2="0"><subfield code="6">880-09</subfield><subfield code="t">Ren min wen zhai</subfield></datafield><datafield tag="880" ind1="0" ind2="0"><subfield code="6">780-09</subfield><subfield code="t">人民文摘</subfield></datafield><datafield tag="902" ind1=" " ind2=" "><subfield code="a">csw</subfield><subfield code="s">csw</subfield><subfield code="b">o</subfield><subfield code="6">a</subfield><subfield code="7">s</subfield><subfield code="d">v</subfield><subfield code="f">0</subfield><subfield code="e">20150828</subfield></datafield><datafield tag="914" ind1=" " ind2=" "><subfield code="a">(OCoLC)ocn919318659</subfield><subfield code="b">OCoLC</subfield><subfield code="c">match</subfield><subfield code="d">20221117</subfield><subfield code="e">processed</subfield><subfield code="f">919318659</subfield></datafield><datafield tag="994" ind1=" " ind2=" "><subfield code="a">C0</subfield><subfield code="b">PULEA</subfield></datafield><datafield tag="950" ind1=" " ind2=" "><subfield code="c">2024-09-16 14:33:10 US/Eastern</subfield><subfield code="b">2021-07-13 09:17:55 US/Eastern</subfield><subfield code="a">false</subfield></datafield><datafield tag="852" ind1="0" ind2=" "><subfield code="b">recap</subfield><subfield code="c">pa</subfield><subfield code="h">AP95.C4</subfield><subfield code="i">R472</subfield><subfield code="8">221023306710006421</subfield></datafield><datafield tag="866" ind1=" " ind2="0"><subfield code="a">No. 1 (2015)-no. 56 (2017); 2018 no. 1 - 2018 no. 24</subfield><subfield code="8">221023306710006421</subfield></datafield><datafield tag="952" ind1=" " ind2=" "><subfield code="d">2025-03-31 19:54:38</subfield><subfield code="8">221023306710006421</subfield><subfield code="a">2024-07-16 15:43:01</subfield><subfield code="b">ReCAP</subfield><subfield code="c">rcppa: RECAP</subfield><subfield code="e">false</subfield></datafield><datafield tag="852" ind1="0" ind2=" "><subfield code="b">eastasian</subfield><subfield code="c">cjk</subfield><subfield code="h">AP95.C4</subfield><subfield code="i">R472</subfield><subfield code="8">22749957410006421</subfield></datafield><datafield tag="866" ind1=" " ind2="0"><subfield code="a">2019 no. 1-2025 no. 12</subfield><subfield code="8">22749957410006421</subfield></datafield><datafield tag="866" ind1=" " ind2="0"><subfield code="z">CURRENT ISSUES IN: East Asian Library (Gest)</subfield><subfield code="8">22749957410006421</subfield></datafield><datafield tag="952" ind1=" " ind2=" "><subfield code="d">2025-12-16 17:46:11</subfield><subfield code="8">22749957410006421</subfield><subfield code="a">2021-07-13 13:17:55</subfield><subfield code="b">East Asian Library</subfield><subfield code="c">cjk: East Asian Library</subfield><subfield code="e">false</subfield></datafield><datafield tag="876" ind1=" " ind2=" "><subfield code="0">22749957410006421</subfield><subfield code="j">1</subfield><subfield code="z">cjk</subfield><subfield code="a">231101286570006421</subfield><subfield code="3">2025 no. 17 </subfield><subfield code="d">2026-01-29 15:22:10 US/Eastern</subfield><subfield code="q">2026-01-29 15:22:22 US/Eastern</subfield><subfield code="y">eastasian</subfield></datafield><datafield tag="876" ind1=" " ind2=" "><subfield code="0">22749957410006421</subfield><subfield code="j">1</subfield><subfield code="z">cjk</subfield><subfield code="p">32101110383971</subfield><subfield code="a">23919932200006421</subfield><subfield code="3">2020 no. 9-16 </subfield><subfield code="d">2022-03-22 12:17:53 US/Eastern</subfield><subfield code="q">2022-03-22 12:18:13 US/Eastern</subfield><subfield code="y">eastasian</subfield></datafield><datafield tag="876" ind1=" " ind2=" "><subfield code="0">22749957410006421</subfield><subfield code="j">1</subfield><subfield code="z">cjk</subfield><subfield code="p">32101110383989</subfield><subfield code="a">23919932210006421</subfield><subfield code="3">2020 no. 1-8 </subfield><subfield code="d">2022-03-22 12:16:18 US/Eastern</subfield><subfield code="q">2022-03-22 12:16:36 US/Eastern</subfield><subfield code="y">eastasian</subfield></datafield><datafield tag="876" ind1=" " ind2=" "><subfield code="0">22749957410006421</subfield><subfield code="j">1</subfield><subfield code="z">cjk</subfield><subfield code="p">32101115481499</subfield><subfield code="a">23958077340006421</subfield><subfield code="3">2023 no. 1-12 </subfield><subfield code="d">2023-01-10 15:24:31 US/Eastern</subfield><subfield code="q">2024-01-31 13:55:43 US/Eastern</subfield><subfield code="y">eastasian</subfield></datafield><datafield tag="876" ind1=" " ind2=" "><subfield code="0">22749957410006421</subfield><subfield code="j">1</subfield><subfield code="z">cjk</subfield><subfield code="a">231101289930006421</subfield><subfield code="3">2025, no. 13 </subfield><subfield code="d">2026-01-28 15:05:53 US/Eastern</subfield><subfield code="q">2026-01-28 15:05:53 US/Eastern</subfield><subfield code="y">eastasian</subfield></datafield><datafield tag="876" ind1=" " ind2=" "><subfield code="0">22749957410006421</subfield><subfield code="j">1</subfield><subfield code="z">cjk</subfield><subfield code="p">32101115427526</subfield><subfield code="a">231036006960006421</subfield><subfield code="3">2024 no. 1-12 </subfield><subfield code="d">2024-11-27 12:11:57 US/Eastern</subfield><subfield code="q">2024-11-27 12:12:15 US/Eastern</subfield><subfield code="y">eastasian</subfield></datafield><datafield tag="876" ind1=" " ind2=" "><subfield code="0">22749957410006421</subfield><subfield code="j">1</subfield><subfield code="z">cjk</subfield><subfield code="a">231100145640006421</subfield><subfield code="3">2025 no. 16 </subfield><subfield code="d">2026-01-15 10:29:14 US/Eastern</subfield><subfield code="q">2026-01-15 10:29:14 US/Eastern</subfield><subfield code="y">eastasian</subfield></datafield><datafield tag="876" ind1=" " ind2=" "><subfield code="0">22749957410006421</subfield><subfield code="j">1</subfield><subfield code="z">cjk</subfield><subfield code="p">32101114216698</subfield><subfield code="a">23989300170006421</subfield><subfield code="3">2022 no. 13-24 </subfield><subfield code="d">2023-08-03 14:30:35 US/Eastern</subfield><subfield code="q">2023-08-03 14:30:47 US/Eastern</subfield><subfield code="y">eastasian</subfield></datafield><datafield tag="876" ind1=" " ind2=" "><subfield code="0">22749957410006421</subfield><subfield code="j">1</subfield><subfield code="z">cjk</subfield><subfield code="p">32101110383948</subfield><subfield code="a">23919932170006421</subfield><subfield code="3">2021 no. 9-16 </subfield><subfield code="d">2022-03-22 12:21:49 US/Eastern</subfield><subfield code="q">2022-03-22 12:22:02 US/Eastern</subfield><subfield code="y">eastasian</subfield></datafield><datafield tag="876" ind1=" " ind2=" "><subfield code="0">22749957410006421</subfield><subfield code="j">1</subfield><subfield code="z">cjk</subfield><subfield code="p">32101110383955</subfield><subfield code="a">23919932180006421</subfield><subfield code="3">2021 no. 1-8 </subfield><subfield code="d">2022-03-22 12:20:30 US/Eastern</subfield><subfield code="q">2022-03-22 12:20:45 US/Eastern</subfield><subfield code="y">eastasian</subfield></datafield><datafield tag="876" ind1=" " ind2=" "><subfield code="0">22749957410006421</subfield><subfield code="j">1</subfield><subfield code="z">cjk</subfield><subfield code="p">32101110383963</subfield><subfield code="a">23919932190006421</subfield><subfield code="3">2020 no. 17-24 </subfield><subfield code="d">2021-02-02 19:00:00 US/Eastern</subfield><subfield code="q">2022-03-22 12:19:21 US/Eastern</subfield><subfield code="y">eastasian</subfield></datafield><datafield tag="876" ind1=" " ind2=" "><subfield code="0">22749957410006421</subfield><subfield code="j">1</subfield><subfield code="z">cjk</subfield><subfield code="p">32101108311273</subfield><subfield code="t">1</subfield><subfield code="a">23749956980006421</subfield><subfield code="3">2019 no. 17-24</subfield><subfield code="d">2020-11-09 19:00:00 US/Eastern</subfield><subfield code="q">2020-11-10 05:59:00 US/Eastern</subfield><subfield code="y">eastasian</subfield></datafield><datafield tag="876" ind1=" " ind2=" "><subfield code="0">22749957410006421</subfield><subfield code="j">1</subfield><subfield code="z">cjk</subfield><subfield code="p">32101108311299</subfield><subfield code="t">1</subfield><subfield code="a">23749956990006421</subfield><subfield code="3">2019 no. 1-8</subfield><subfield code="d">2020-11-09 19:00:00 US/Eastern</subfield><subfield code="q">2020-11-10 05:59:00 US/Eastern</subfield><subfield code="y">eastasian</subfield></datafield><datafield tag="876" ind1=" " ind2=" "><subfield code="0">221023306710006421</subfield><subfield code="j">1</subfield><subfield code="z">pa</subfield><subfield code="p">32101100120847</subfield><subfield code="t">1</subfield><subfield code="a">23749957110006421</subfield><subfield code="3">no.17-24 2016</subfield><subfield code="d">2018-05-14 20:00:00 US/Eastern</subfield><subfield code="q">2018-05-15 15:50:54 US/Eastern</subfield><subfield code="y">recap</subfield></datafield><datafield tag="876" ind1=" " ind2=" "><subfield code="0">221023306710006421</subfield><subfield code="j">1</subfield><subfield code="z">pa</subfield><subfield code="p">32101100120854</subfield><subfield code="t">1</subfield><subfield code="a">23749957120006421</subfield><subfield code="3">no.9-16 2016</subfield><subfield code="d">2018-05-14 20:00:00 US/Eastern</subfield><subfield code="q">2018-05-15 15:50:48 US/Eastern</subfield><subfield code="y">recap</subfield></datafield><datafield tag="876" ind1=" " ind2=" "><subfield code="0">221023306710006421</subfield><subfield code="j">1</subfield><subfield code="z">pa</subfield><subfield code="p">32101108311315</subfield><subfield code="t">1</subfield><subfield code="a">23749957020006421</subfield><subfield code="3">2018 no. 9-16</subfield><subfield code="d">2020-11-09 19:00:00 US/Eastern</subfield><subfield code="q">2020-11-10 15:51:36 US/Eastern</subfield><subfield code="y">recap</subfield></datafield><datafield tag="876" ind1=" " ind2=" "><subfield code="0">221023306710006421</subfield><subfield code="j">1</subfield><subfield code="z">pa</subfield><subfield code="p">32101108311323</subfield><subfield code="t">1</subfield><subfield code="a">23749957050006421</subfield><subfield code="3">2018 no. 1-8</subfield><subfield code="d">2020-11-09 19:00:00 US/Eastern</subfield><subfield code="q">2020-11-10 15:51:30 US/Eastern</subfield><subfield code="y">recap</subfield></datafield><datafield tag="876" ind1=" " ind2=" "><subfield code="0">22749957410006421</subfield><subfield code="j">1</subfield><subfield code="z">cjk</subfield><subfield code="p">32101115422626</subfield><subfield code="a">231023306690006421</subfield><subfield code="3">2023 no. 13-24 </subfield><subfield code="d">2024-07-16 11:45:46 US/Eastern</subfield><subfield code="q">2024-07-16 11:46:07 US/Eastern</subfield><subfield code="y">eastasian</subfield></datafield><datafield tag="876" ind1=" " ind2=" "><subfield code="0">221023306710006421</subfield><subfield code="j">1</subfield><subfield code="z">pa</subfield><subfield code="p">32101100120839</subfield><subfield code="t">1</subfield><subfield code="a">23749957100006421</subfield><subfield code="3">no.25-32 2016</subfield><subfield code="d">2018-05-14 20:00:00 US/Eastern</subfield><subfield code="q">2018-05-15 15:51:01 US/Eastern</subfield><subfield code="y">recap</subfield></datafield><datafield tag="876" ind1=" " ind2=" "><subfield code="0">221023306710006421</subfield><subfield code="j">1</subfield><subfield code="z">pa</subfield><subfield code="p">32101100120805</subfield><subfield code="t">1</subfield><subfield code="a">23749957070006421</subfield><subfield code="3">no.49-56 2017</subfield><subfield code="d">2018-05-14 20:00:00 US/Eastern</subfield><subfield code="q">2018-05-15 15:51:20 US/Eastern</subfield><subfield code="y">recap</subfield></datafield><datafield tag="876" ind1=" " ind2=" "><subfield code="0">22749957410006421</subfield><subfield code="j">1</subfield><subfield code="z">cjk</subfield><subfield code="p">32101114065053</subfield><subfield code="a">231096052730006421</subfield><subfield code="3">2024 no. 13-24 </subfield><subfield code="d">2025-12-16 12:47:23 US/Eastern</subfield><subfield code="q">2025-12-16 12:47:46 US/Eastern</subfield><subfield code="y">eastasian</subfield></datafield><datafield tag="876" ind1=" " ind2=" "><subfield code="0">22749957410006421</subfield><subfield code="j">1</subfield><subfield code="z">cjk</subfield><subfield code="p">32101108311281</subfield><subfield code="t">1</subfield><subfield code="a">23749957060006421</subfield><subfield code="3">2019 no. 9-16</subfield><subfield code="d">2020-11-09 19:00:00 US/Eastern</subfield><subfield code="q">2020-11-10 05:59:00 US/Eastern</subfield><subfield code="y">eastasian</subfield></datafield><datafield tag="876" ind1=" " ind2=" "><subfield code="0">22749957410006421</subfield><subfield code="j">1</subfield><subfield code="z">cjk</subfield><subfield code="p">32101114216706</subfield><subfield code="a">23989300190006421</subfield><subfield code="3">2022 no. 1-12 </subfield><subfield code="d">2023-08-03 14:27:46 US/Eastern</subfield><subfield code="q">2023-08-03 14:28:11 US/Eastern</subfield><subfield code="y">eastasian</subfield></datafield><datafield tag="876" ind1=" " ind2=" "><subfield code="0">221023306710006421</subfield><subfield code="j">1</subfield><subfield code="z">pa</subfield><subfield code="p">32101108311307</subfield><subfield code="t">1</subfield><subfield code="a">23749957010006421</subfield><subfield code="3">2018 no. 17-24</subfield><subfield code="d">2020-11-09 19:00:00 US/Eastern</subfield><subfield code="q">2020-11-10 15:51:43 US/Eastern</subfield><subfield code="y">recap</subfield></datafield><datafield tag="876" ind1=" " ind2=" "><subfield code="0">22749957410006421</subfield><subfield code="j">1</subfield><subfield code="z">cjk</subfield><subfield code="a">231101288680006421</subfield><subfield code="3">2025, no. 15 </subfield><subfield code="d">2026-01-29 09:49:00 US/Eastern</subfield><subfield code="q">2026-01-29 09:49:00 US/Eastern</subfield><subfield code="y">eastasian</subfield></datafield><datafield tag="876" ind1=" " ind2=" "><subfield code="0">22749957410006421</subfield><subfield code="j">1</subfield><subfield code="z">cjk</subfield><subfield code="p">32101120975345</subfield><subfield code="a">231095916200006421</subfield><subfield code="3">2025, no.1-12 </subfield><subfield code="d">2025-12-19 11:00:33 US/Eastern</subfield><subfield code="q">2025-12-19 11:01:24 US/Eastern</subfield><subfield code="y">eastasian</subfield></datafield><datafield tag="876" ind1=" " ind2=" "><subfield code="0">221023306710006421</subfield><subfield code="j">1</subfield><subfield code="z">pa</subfield><subfield code="p">32101100120813</subfield><subfield code="t">1</subfield><subfield code="a">23749957080006421</subfield><subfield code="3">no.41-48 2017</subfield><subfield code="d">2018-05-14 20:00:00 US/Eastern</subfield><subfield code="q">2018-05-15 15:51:14 US/Eastern</subfield><subfield code="y">recap</subfield></datafield><datafield tag="876" ind1=" " ind2=" "><subfield code="0">221023306710006421</subfield><subfield code="j">1</subfield><subfield code="z">pa</subfield><subfield code="p">32101100120821</subfield><subfield code="t">1</subfield><subfield code="a">23749957090006421</subfield><subfield code="3">no.33-40 2017</subfield><subfield code="d">2018-05-14 20:00:00 US/Eastern</subfield><subfield code="q">2018-05-15 15:51:07 US/Eastern</subfield><subfield code="y">recap</subfield></datafield><datafield tag="876" ind1=" " ind2=" "><subfield code="0">22749957410006421</subfield><subfield code="j">1</subfield><subfield code="z">cjk</subfield><subfield code="p">32101114216680</subfield><subfield code="a">23916875960006421</subfield><subfield code="3">2021 no. 17-24 </subfield><subfield code="d">2022-02-20 17:31:43 US/Eastern</subfield><subfield code="q">2023-08-03 14:25:12 US/Eastern</subfield><subfield code="y">eastasian</subfield></datafield><datafield tag="876" ind1=" " ind2=" "><subfield code="0">221023306710006421</subfield><subfield code="j">1</subfield><subfield code="z">pa</subfield><subfield code="p">32101099720185</subfield><subfield code="t">1</subfield><subfield code="a">23749956970006421</subfield><subfield code="3">no.1-8 2015</subfield><subfield code="d">2016-05-10 20:00:00 US/Eastern</subfield><subfield code="q">2016-05-11 15:50:41 US/Eastern</subfield><subfield code="y">recap</subfield></datafield><datafield tag="876" ind1=" " ind2=" "><subfield code="0">22749957410006421</subfield><subfield code="j">1</subfield><subfield code="z">cjk</subfield><subfield code="a">231101289740006421</subfield><subfield code="3">2025, no. 14 </subfield><subfield code="d">2026-01-28 15:19:43 US/Eastern</subfield><subfield code="q">2026-01-28 15:19:43 US/Eastern</subfield><subfield code="y">eastasian</subfield></datafield></record>