<record><leader>02916cam a2200433 i 4500</leader><controlfield tag="005">20260219031158.0</controlfield><controlfield tag="007">ta</controlfield><controlfield tag="008">251107s2025    ncua     b    001 0 eng d</controlfield><controlfield tag="001">99131729968506421</controlfield><datafield tag="020" ind1=" " ind2=" "><subfield code="a">9781476698663</subfield></datafield><datafield tag="020" ind1=" " ind2=" "><subfield code="a">147669866X</subfield><subfield code="q">paperback</subfield></datafield><datafield tag="024" ind1="8" ind2=" "><subfield code="a">CIPO000313828</subfield></datafield><datafield tag="035" ind1=" " ind2=" "><subfield code="a">(OCoLC)on1559962462</subfield></datafield><datafield tag="040" ind1=" " ind2=" "><subfield code="a">UKMGB</subfield><subfield code="b">eng</subfield><subfield code="e">rda</subfield><subfield code="c">UKMGB</subfield><subfield code="d">OCLCO</subfield><subfield code="d">YDX</subfield></datafield><datafield tag="043" ind1=" " ind2=" "><subfield code="a">a-gs---</subfield></datafield><datafield tag="050" ind1=" " ind2="4"><subfield code="a">DK677.92</subfield><subfield code="b">.L44 2025</subfield></datafield><datafield tag="082" ind1="0" ind2="4"><subfield code="a">947.5808/41</subfield><subfield code="2">23/eng/20251212</subfield></datafield><datafield tag="082" ind1="0" ind2="4"><subfield code="a">947.580842</subfield><subfield code="2">23</subfield></datafield><datafield tag="100" ind1="1" ind2=" "><subfield code="a">Lee, Eric,</subfield><subfield code="d">1955-</subfield><subfield code="e">author.</subfield><subfield code="1">https://id.oclc.org/worldcat/entity/E39PBJpJgqPXX9P9hbTDXRcMfq</subfield><subfield code="1">https://isni.org/isni/0000000108290055</subfield></datafield><datafield tag="245" ind1="1" ind2="4"><subfield code="a">The August uprising, 1924 :</subfield><subfield code="b">the Georgian anti-Soviet revolt and the birth of democratic socialism /</subfield><subfield code="c">Eric Lee.</subfield></datafield><datafield tag="264" ind1=" " ind2="1"><subfield code="a">Jefferson, North Carolina :</subfield><subfield code="b">McFarland &amp; Company, Inc., Publishers,</subfield><subfield code="c">[2025]</subfield></datafield><datafield tag="300" ind1=" " ind2=" "><subfield code="a">viii, 197 pages :</subfield><subfield code="b">illustrations ;</subfield><subfield code="c">23 cm</subfield></datafield><datafield tag="336" ind1=" " ind2=" "><subfield code="a">text</subfield><subfield code="b">txt</subfield><subfield code="2">rdacontent</subfield><subfield code="0">http://id.loc.gov/vocabulary/contentTypes/txt</subfield></datafield><datafield tag="337" ind1=" " ind2=" "><subfield code="a">unmediated</subfield><subfield code="b">n</subfield><subfield code="2">rdamedia</subfield><subfield code="0">http://id.loc.gov/vocabulary/mediaTypes/n</subfield></datafield><datafield tag="338" ind1=" " ind2=" "><subfield code="a">volume</subfield><subfield code="b">nc</subfield><subfield code="2">rdacarrier</subfield><subfield code="0">http://id.loc.gov/vocabulary/carriers/nc</subfield></datafield><datafield tag="504" ind1=" " ind2=" "><subfield code="a">Includes bibliographical references and index.</subfield></datafield><datafield tag="520" ind1=" " ind2=" "><subfield code="a">"For three years following the Russian Revolution, the small South Caucasian country of Georgia was a democracy, but Stalin later ordered the Red Army to invade and to bring the country back under Russian rule. Communist attacks on political opponents, trade unions, cooperatives, and even the church sparked resistance, and an armed uprising broke out across the nation in 1924. It was swiftly crushed, with massacres of thousands, including hostages. Social Democratic and Labor parties across Europe reacted with shock and indignation. Soviet opponents began to describe communism as "red fascism" and their own movement as "democratic socialism." What followed - including Socialist support for the creation of NATO - resulted from the Georgian uprising and its aftermath. After the Russian invasion of Ukraine a century later, the long-forgotten Georgian experience seems more relevant than ever."--</subfield><subfield code="c">Provided by publisher.</subfield></datafield><datafield tag="651" ind1=" " ind2="0"><subfield code="a">Georgia (Republic)</subfield><subfield code="x">History</subfield><subfield code="y">Uprising, 1924.</subfield></datafield><datafield tag="651" ind1=" " ind2="6"><subfield code="a">Géorgie (République)</subfield><subfield code="x">Histoire</subfield><subfield code="y">1924 (Révolte)</subfield><subfield code="0">(CaQQLa)201-0303222</subfield></datafield><datafield tag="651" ind1=" " ind2="7"><subfield code="a">Georgia (Republic)</subfield><subfield code="2">fast</subfield><subfield code="1">https://id.oclc.org/worldcat/entity/E39PBJtRMHxc6jDdXPVCXhmmVC</subfield><subfield code="0">(OCoLC)fst01221658</subfield></datafield><datafield tag="647" ind1=" " ind2="7"><subfield code="a">Uprising</subfield><subfield code="c">(Georgia (Republic) :</subfield><subfield code="d">1924)</subfield><subfield code="2">fast</subfield><subfield code="1">https://id.oclc.org/worldcat/entity/E39Qhp4vB9ppxHX6WCHfjX9dMX</subfield><subfield code="0">(OCoLC)fst01355232</subfield></datafield><datafield tag="902" ind1=" " ind2=" "><subfield code="a">010002796</subfield><subfield code="w">copy</subfield><subfield code="1">20260216121004.0</subfield></datafield><datafield tag="910" ind1=" " ind2=" "><subfield code="c">F1303mon</subfield><subfield code="d">3110-10</subfield><subfield code="g">YBP</subfield></datafield><datafield tag="914" ind1=" " ind2=" "><subfield code="a">(OCoLC)on1559962462</subfield><subfield code="b">OCoLC</subfield><subfield code="c">match</subfield><subfield code="d">20260218</subfield><subfield code="e">processed</subfield><subfield code="f">1559962462</subfield></datafield><datafield tag="960" ind1=" " ind2=" "><subfield code="o">1</subfield><subfield code="z">USD</subfield></datafield><datafield tag="961" ind1=" " ind2=" "><subfield code="f">TFK</subfield><subfield code="m">311010</subfield><subfield code="n">Paper</subfield></datafield><datafield tag="980" ind1=" " ind2=" "><subfield code="a">22730423</subfield><subfield code="i">39.95</subfield></datafield><datafield tag="982" ind1=" " ind2=" "><subfield code="c">f</subfield></datafield><datafield tag="984" ind1=" " ind2=" "><subfield code="a">20260113</subfield><subfield code="b">080323</subfield><subfield code="c">YBP-US</subfield></datafield><datafield tag="950" ind1=" " ind2=" "><subfield code="c">2026-03-04 20:50:21 US/Eastern</subfield><subfield code="b">2026-01-13 08:12:57 US/Eastern</subfield><subfield code="a">false</subfield></datafield><datafield tag="852" ind1="0" ind2=" "><subfield code="b">firestone</subfield><subfield code="c">stacks</subfield><subfield code="h">DK677.92</subfield><subfield code="i">.L44 2025</subfield><subfield code="8">221100053300006421</subfield></datafield><datafield tag="952" ind1=" " ind2=" "><subfield code="d">2026-02-16 17:11:21</subfield><subfield code="8">221100053300006421</subfield><subfield code="a">2026-01-13 13:13:43</subfield><subfield code="b">Firestone Library</subfield><subfield code="c">stacks: Firestone Library</subfield><subfield code="e">false</subfield></datafield><datafield tag="876" ind1=" " ind2=" "><subfield code="0">221100053300006421</subfield><subfield code="j">1</subfield><subfield code="z">stacks</subfield><subfield code="p">32101121205940</subfield><subfield code="a">231100053290006421</subfield><subfield code="d">2026-01-13 08:13:43 US/Eastern</subfield><subfield code="q">2026-02-16 12:08:27 US/Eastern</subfield><subfield code="y">firestone</subfield></datafield></record>