<record><leader>03824cam a2200517 i 4500</leader><controlfield tag="005">20260304194734.0</controlfield><controlfield tag="008">250713t20252025sz       b    001 0 eng d</controlfield><controlfield tag="001">99131650216906421</controlfield><datafield tag="020" ind1=" " ind2=" "><subfield code="a">3032017823</subfield><subfield code="q">(hardcover)</subfield></datafield><datafield tag="020" ind1=" " ind2=" "><subfield code="a">9783032017826</subfield><subfield code="q">(hardcover)</subfield></datafield><datafield tag="020" ind1=" " ind2=" "><subfield code="z">9783032017833</subfield><subfield code="q">(ebook)</subfield></datafield><datafield tag="035" ind1=" " ind2=" "><subfield code="a">(OCoLC)1527716543</subfield></datafield><datafield tag="035" ind1=" " ind2=" "><subfield code="a">(OCoLC)on1527716543</subfield></datafield><datafield tag="040" ind1=" " ind2=" "><subfield code="a">YDX</subfield><subfield code="b">eng</subfield><subfield code="e">rda</subfield><subfield code="c">YDX</subfield><subfield code="d">KKU</subfield><subfield code="d">OCLCO</subfield><subfield code="d">GSU</subfield></datafield><datafield tag="090" ind1=" " ind2=" "><subfield code="a">HM1096</subfield><subfield code="b">.C45 2025</subfield></datafield><datafield tag="100" ind1="1" ind2=" "><subfield code="a">Chirapiwat, Natcha,</subfield><subfield code="e">author.</subfield></datafield><datafield tag="245" ind1="1" ind2="0"><subfield code="a">East and Southeast Asian stereotypes in Western comedy :</subfield><subfield code="b">representation in the US and UK from 1848 /</subfield><subfield code="c">Natcha Chirapiwat.</subfield></datafield><datafield tag="264" ind1=" " ind2="1"><subfield code="a">Cham, Switzerland :</subfield><subfield code="b">Palgrave Macmillan,</subfield><subfield code="c">[2025]</subfield></datafield><datafield tag="264" ind1=" " ind2="4"><subfield code="c">©2025</subfield></datafield><datafield tag="300" ind1=" " ind2=" "><subfield code="a">viii, 256 pages ;</subfield><subfield code="c">22 cm</subfield></datafield><datafield tag="336" ind1=" " ind2=" "><subfield code="a">text</subfield><subfield code="b">txt</subfield><subfield code="2">rdacontent</subfield></datafield><datafield tag="337" ind1=" " ind2=" "><subfield code="a">unmediated</subfield><subfield code="b">n</subfield><subfield code="2">rdamedia</subfield></datafield><datafield tag="338" ind1=" " ind2=" "><subfield code="a">volume</subfield><subfield code="b">nc</subfield><subfield code="2">rdacarrier</subfield></datafield><datafield tag="490" ind1="1" ind2=" "><subfield code="a">Palgrave studies in comedy,</subfield><subfield code="x">2731-4332</subfield></datafield><datafield tag="504" ind1=" " ind2=" "><subfield code="a">Includes bibliographical references (pages 239-252) and index.</subfield></datafield><datafield tag="505" ind1="0" ind2=" "><subfield code="a">The rise of Yellow Peril and ESEA immigration to the US and UK, 1848-1914 -- Assigning Yellow Peril a nationality during the world wars, 1914-1945 -- The victimisation of ESEA women, 1945-1979 -- The first ESEA stand-up comedians, 1980-2016 -- ESEA culture in the Western mainstream, 2016-2020 -- COVID-19 and the return of Yellow Peril, 2020 to present day -- Conclusion.</subfield></datafield><datafield tag="520" ind1=" " ind2=" "><subfield code="a">"This book charts the representation of East and Southeast Asian (ESEA) people in popular performance and media in the US and UK from 1848 to the present day. It offers a comprehensive guide to understanding the major stereotypes, their historical evolution, and their persistence in contemporary comedy and performance. By delving into this rich history, readers are encouraged to critically examine the representations they encounter and create. The chapters cover pivotal topics such as the impact of large-scale ESEA immigration, international relations through major wars, and the role of comedy in perpetuating stereotypes. Through detailed case studies - from Vaudeville scripts to modern stand-up comedians - this book reveals how these stereotypes have been reinforced, subverted, or transformed over time. Readers discover how historical events shaped Western perceptions of ESEA cultures and how these perceptions continue to influence media today. This book is an essential resource for scholars, students, and anyone interested in media studies, cultural history, or racial representation. It provides valuable insights into the power structures that have shaped societal norms and offers a critical lens for analysing racial stereotypes in performance. Whether you're a researcher or an interested lay reader, this book invites you to explore the complex interplay between history, comedy, and cultural representation." --</subfield><subfield code="c">Adapted from publisher's description.</subfield></datafield><datafield tag="650" ind1=" " ind2="0"><subfield code="a">Stereotypes (Social psychology) in mass media.</subfield></datafield><datafield tag="650" ind1=" " ind2="0"><subfield code="a">Asians in mass media.</subfield></datafield><datafield tag="650" ind1=" " ind2="0"><subfield code="a">Asians in the performing arts.</subfield></datafield><datafield tag="650" ind1=" " ind2="0"><subfield code="a">Stereotypes (Social psychology) in the performing arts.</subfield></datafield><datafield tag="650" ind1=" " ind2="0"><subfield code="a">Stereotypes (Social psychology) in motion pictures.</subfield></datafield><datafield tag="650" ind1=" " ind2="0"><subfield code="a">Stereotypes (Social psychology) on television.</subfield></datafield><datafield tag="650" ind1=" " ind2="0"><subfield code="a">Comedy</subfield><subfield code="x">History and criticism.</subfield></datafield><datafield tag="650" ind1=" " ind2="6"><subfield code="a">Stéréotypes dans les médias.</subfield></datafield><datafield tag="650" ind1=" " ind2="6"><subfield code="a">Stéréotypes au cinéma.</subfield></datafield><datafield tag="650" ind1=" " ind2="6"><subfield code="a">Stéréotypes à la télévision.</subfield></datafield><datafield tag="650" ind1=" " ind2="6"><subfield code="a">Comédie</subfield><subfield code="x">Histoire et critique.</subfield></datafield><datafield tag="830" ind1=" " ind2="0"><subfield code="a">Palgrave studies in comedy</subfield><subfield code="x">2731-4332</subfield></datafield><datafield tag="902" ind1=" " ind2=" "><subfield code="a">010002796</subfield><subfield code="w">copy</subfield><subfield code="1">20260303122618.0</subfield></datafield><datafield tag="910" ind1=" " ind2=" "><subfield code="c">C0710mon</subfield><subfield code="d">3110-10</subfield><subfield code="g">YBP</subfield></datafield><datafield tag="960" ind1=" " ind2=" "><subfield code="o">1</subfield><subfield code="z">USD</subfield></datafield><datafield tag="961" ind1=" " ind2=" "><subfield code="f">ASP</subfield><subfield code="m">311010</subfield><subfield code="n">Cloth</subfield></datafield><datafield tag="980" ind1=" " ind2=" "><subfield code="a">25667061</subfield><subfield code="i">139.99</subfield></datafield><datafield tag="982" ind1=" " ind2=" "><subfield code="c">f</subfield></datafield><datafield tag="984" ind1=" " ind2=" "><subfield code="a">20251031</subfield><subfield code="b">150109</subfield><subfield code="c">YBP-US</subfield></datafield><datafield tag="950" ind1=" " ind2=" "><subfield code="c">2026-03-04 19:47:34 US/Eastern</subfield><subfield code="b">2025-11-03 11:29:37 US/Eastern</subfield><subfield code="a">false</subfield></datafield><datafield tag="852" ind1="0" ind2=" "><subfield code="b">firestone</subfield><subfield code="c">stacks</subfield><subfield code="h">HM1096</subfield><subfield code="i">.C45 2025</subfield><subfield code="8">221091862220006421</subfield></datafield><datafield tag="952" ind1=" " ind2=" "><subfield code="d">2026-03-05 00:48:02</subfield><subfield code="8">221091862220006421</subfield><subfield code="a">2025-11-03 16:30:35</subfield><subfield code="b">Firestone Library</subfield><subfield code="c">stacks: Firestone Library</subfield><subfield code="e">false</subfield></datafield><datafield tag="876" ind1=" " ind2=" "><subfield code="0">221091862220006421</subfield><subfield code="j">0</subfield><subfield code="x">WORK_ORDER_DEPARTMENT</subfield><subfield code="z">stacks</subfield><subfield code="p">32101125141802</subfield><subfield code="a">231091862210006421</subfield><subfield code="d">2025-11-03 11:30:35 US/Eastern</subfield><subfield code="q">2026-02-25 12:50:33 US/Eastern</subfield><subfield code="y">firestone</subfield></datafield></record>