<record><leader>02279cas a2200445 a 4500</leader><controlfield tag="005">20240923131346.0</controlfield><controlfield tag="008">961106c19919999cc jr p       0   e0chi d</controlfield><controlfield tag="001">9931467433506421</controlfield><datafield tag="022" ind1=" " ind2=" "><subfield code="a">1004-3799</subfield></datafield><datafield tag="035" ind1=" " ind2=" "><subfield code="a">(CStRLIN)NJPX96-S389</subfield></datafield><datafield tag="035" ind1=" " ind2=" "><subfield code="a">(NjP)3146743-princetondb</subfield></datafield><datafield tag="035" ind1=" " ind2=" "><subfield code="a">(OCoLC)ocm45861133</subfield></datafield><datafield tag="035" ind1=" " ind2=" "><subfield code="z">(NjP)Voyager3146743</subfield></datafield><datafield tag="040" ind1=" " ind2=" "><subfield code="a">NjP-G</subfield><subfield code="b">eng</subfield><subfield code="c">NjP-G</subfield><subfield code="d">CStRLIN</subfield></datafield><datafield tag="066" ind1=" " ind2=" "><subfield code="c">$1</subfield></datafield><datafield tag="090" ind1=" " ind2=" "><subfield code="a">AP95.C4</subfield><subfield code="b">C448</subfield><subfield code="i">12/08/00 T</subfield><subfield code="h">12/13/99 T</subfield><subfield code="h">04/19/99 T</subfield><subfield code="h">11/21/97 T</subfield><subfield code="h">05/06/97 T</subfield><subfield code="h">03/07/97 T</subfield><subfield code="h">11/13/96 T</subfield></datafield><datafield tag="245" ind1="0" ind2="0"><subfield code="6">880-01</subfield><subfield code="a">Ji zhe guan cha =</subfield><subfield code="b">Reporters notes.</subfield></datafield><datafield tag="880" ind1="0" ind2="0"><subfield code="6">245-01/$1</subfield><subfield code="a">记者观察　=</subfield><subfield code="b">Reporters notes.</subfield></datafield><datafield tag="246" ind1="3" ind2="1"><subfield code="a">Reporters notes</subfield></datafield><datafield tag="260" ind1=" " ind2=" "><subfield code="6">880-02</subfield><subfield code="a">Taiyuan Shi :</subfield><subfield code="b">"Ji zhe guan cha" za zhi she,</subfield></datafield><datafield tag="880" ind1=" " ind2=" "><subfield code="6">260-02/$1</subfield><subfield code="a">太原市　:</subfield><subfield code="b">《记者观察》杂志社,</subfield></datafield><datafield tag="300" ind1=" " ind2=" "><subfield code="a">v. :</subfield><subfield code="b">ill. :</subfield><subfield code="c">27 cm.</subfield></datafield><datafield tag="310" ind1=" " ind2=" "><subfield code="a">Three times a month,</subfield><subfield code="b">2018-</subfield></datafield><datafield tag="321" ind1=" " ind2=" "><subfield code="a">Monthly,</subfield><subfield code="b">1991-2017</subfield></datafield><datafield tag="362" ind1=" " ind2=" "><subfield code="a">Began in 1991</subfield></datafield><datafield tag="583" ind1="1" ind2=" "><subfield code="a">Committed to retain</subfield><subfield code="d">in perpetuity</subfield><subfield code="f">ReCAP</subfield><subfield code="f">Chinese Serials Collaborative Collection</subfield><subfield code="5">[MH, NjP, NN, or NNC]</subfield><subfield code="u">http://arks.princeton.edu/ark:/88435/dcxg94j1575</subfield></datafield><datafield tag="588" ind1=" " ind2=" "><subfield code="a">Description based on: 1995.1 = Zong di 49 qi; title from cover.</subfield></datafield><datafield tag="550" ind1=" " ind2=" "><subfield code="a">Sponsored by: Xin hua tong xun she Shan xi fen she.</subfield></datafield><datafield tag="710" ind1="2" ind2=" "><subfield code="6">880-03</subfield><subfield code="a">Xin hua tong xun she.</subfield><subfield code="b">Shanxi fen she.</subfield><subfield code="0">http://id.loc.gov/authorities/names/nr96041481</subfield></datafield><datafield tag="880" ind1="2" ind2=" "><subfield code="6">710-03/$1</subfield><subfield code="a">新华通讯社.</subfield><subfield code="b">山西分社.</subfield></datafield><datafield tag="914" ind1=" " ind2=" "><subfield code="a">(OCoLC)ocm45861133</subfield><subfield code="b">OCoLC</subfield><subfield code="c">match</subfield><subfield code="d">20221117</subfield><subfield code="e">processed</subfield><subfield code="f">45861133</subfield></datafield><datafield tag="950" ind1=" " ind2=" "><subfield code="l">C</subfield><subfield code="v">No.1 (1991)-108 (1999)</subfield><subfield code="n">#9</subfield><subfield code="n">#50</subfield><subfield code="p">2</subfield></datafield><datafield tag="955" ind1=" " ind2=" "><subfield code="l">C</subfield><subfield code="c">1:(no.49-60 1995)</subfield><subfield code="q">CNPITC 5-15-96</subfield><subfield code="r">32101026551653</subfield><subfield code="h">11/13/96 C</subfield></datafield><datafield tag="955" ind1=" " ind2=" "><subfield code="l">C</subfield><subfield code="c">1:(no.37-48 1994)</subfield><subfield code="r">32101032814244</subfield><subfield code="h">03/07/97 C</subfield></datafield><datafield tag="955" ind1=" " ind2=" "><subfield code="l">C</subfield><subfield code="c">1:(no.1-12 1991)</subfield><subfield code="r">32101032805614</subfield><subfield code="h">05/06/97 C</subfield></datafield><datafield tag="955" ind1=" " ind2=" "><subfield code="l">C</subfield><subfield code="c">1:(no.13-24 1992)</subfield><subfield code="r">32101032805622</subfield><subfield code="h">05/06/97 C</subfield></datafield><datafield tag="955" ind1=" " ind2=" "><subfield code="l">C</subfield><subfield code="c">1:(no.25-36 1993)</subfield><subfield code="r">32101032805630</subfield><subfield code="h">05/06/97 C</subfield></datafield><datafield tag="955" ind1=" " ind2=" "><subfield code="l">C</subfield><subfield code="c">1:(no.61-72 1996)</subfield><subfield code="r">32101033230093</subfield><subfield code="h">11/21/97 C</subfield></datafield><datafield tag="987" ind1=" " ind2=" "><subfield code="a">PINYIN</subfield><subfield code="b">CStRLIN</subfield><subfield code="c">20010423</subfield><subfield code="d">c</subfield><subfield code="e">1.1</subfield></datafield><datafield tag="998" ind1=" " ind2=" "><subfield code="a">12/08/00</subfield><subfield code="t">c</subfield><subfield code="s">9114</subfield><subfield code="n">NjP-G</subfield><subfield code="w">NJPX96S389</subfield><subfield code="d">12/08/00</subfield><subfield code="c">CSW</subfield><subfield code="b">SML</subfield><subfield code="i">001208</subfield><subfield code="h">991213</subfield><subfield code="h">990419</subfield><subfield code="h">971121</subfield><subfield code="h">970506</subfield><subfield code="h">970307</subfield><subfield code="h">961113</subfield><subfield code="l">NJPX</subfield></datafield><datafield tag="950" ind1=" " ind2=" "><subfield code="c">2024-09-23 13:13:46 US/Eastern</subfield><subfield code="b">2021-07-12 14:13:16 US/Eastern</subfield><subfield code="a">false</subfield></datafield><datafield tag="852" ind1="0" ind2=" "><subfield code="b">recap</subfield><subfield code="c">pa</subfield><subfield code="h">AP95.C4</subfield><subfield code="i">C448</subfield><subfield code="8">22543514500006421</subfield></datafield><datafield tag="866" ind1=" " ind2="0"><subfield code="a">No. 1 (1991)-no. 380 (2015); 2016 no. 1 - 2018 no. 36</subfield><subfield code="8">22543514500006421</subfield></datafield><datafield tag="866" ind1=" " ind2="0"><subfield code="z">LACKS: no. 236, 239, 242, 264, 266, 269, 272; 2019 no. 21, 2020 no. 9</subfield><subfield code="8">22543514500006421</subfield></datafield><datafield tag="952" ind1=" " ind2=" "><subfield code="d">2025-01-07 21:51:57</subfield><subfield code="8">22543514500006421</subfield><subfield code="a">2021-07-12 18:13:16</subfield><subfield code="b">ReCAP</subfield><subfield code="c">rcppa: RECAP</subfield><subfield code="e">false</subfield></datafield><datafield tag="852" ind1="0" ind2=" "><subfield code="b">eastasian</subfield><subfield code="c">cjk</subfield><subfield code="h">AP95.C4</subfield><subfield code="i">C448</subfield><subfield code="8">22543515910006421</subfield></datafield><datafield tag="866" ind1=" " ind2="0"><subfield code="a">2019 no. 1-2024 no. 36</subfield><subfield code="8">22543515910006421</subfield></datafield><datafield tag="866" ind1=" " ind2="0"><subfield code="z">LACKS: 2019, no. 21, 2020 no. 12</subfield><subfield code="8">22543515910006421</subfield></datafield><datafield tag="866" ind1=" " ind2="0"><subfield code="z">CURRENT ISSUES IN: East Asian Library (Gest)</subfield><subfield code="8">22543515910006421</subfield></datafield><datafield tag="952" ind1=" " ind2=" "><subfield code="d">2026-03-04 14:16:38</subfield><subfield code="8">22543515910006421</subfield><subfield code="a">2021-07-12 18:13:16</subfield><subfield code="b">East Asian Library</subfield><subfield code="c">cjk: East Asian Library</subfield><subfield code="e">false</subfield></datafield><datafield tag="876" ind1=" " ind2=" "><subfield code="0">22543515910006421</subfield><subfield code="j">1</subfield><subfield code="z">cjk</subfield><subfield code="a">231100749710006421</subfield><subfield code="3">2025, no. 1, pt. 1 </subfield><subfield code="d">2026-01-16 14:27:54 US/Eastern</subfield><subfield code="q">2026-01-16 14:27:54 US/Eastern</subfield><subfield code="y">eastasian</subfield></datafield><datafield tag="876" ind1=" " ind2=" "><subfield code="0">22543515910006421</subfield><subfield code="j">1</subfield><subfield code="z">cjk</subfield><subfield code="p">32101117978435</subfield><subfield code="a">23971659820006421</subfield><subfield code="3">2021 no. 1-9 </subfield><subfield code="d">2023-05-10 14:39:06 US/Eastern</subfield><subfield code="q">2023-05-10 14:39:36 US/Eastern</subfield><subfield code="y">eastasian</subfield></datafield><datafield tag="876" ind1=" " ind2=" "><subfield code="0">22543515910006421</subfield><subfield code="j">1</subfield><subfield code="z">cjk</subfield><subfield code="p">32101117978427</subfield><subfield code="a">23971659810006421</subfield><subfield code="3">2021 no. 10-18 </subfield><subfield code="d">2023-05-10 14:40:17 US/Eastern</subfield><subfield code="q">2023-05-10 14:40:43 US/Eastern</subfield><subfield code="y">eastasian</subfield></datafield><datafield tag="876" ind1=" " ind2=" "><subfield code="0">22543514500006421</subfield><subfield code="j">1</subfield><subfield code="z">pa</subfield><subfield code="p">32101063084998</subfield><subfield code="t">1</subfield><subfield code="a">23543514410006421</subfield><subfield code="3">no.181-192 2006</subfield><subfield code="d">2007-10-08 20:00:00 US/Eastern</subfield><subfield code="q">2007-10-09 06:59:00 US/Eastern</subfield><subfield code="y">recap</subfield></datafield><datafield tag="876" ind1=" " ind2=" "><subfield code="0">22543515910006421</subfield><subfield code="j">1</subfield><subfield code="z">cjk</subfield><subfield code="p">32101113927576</subfield><subfield code="a">23993833540006421</subfield><subfield code="3">2022 no. 28-36 </subfield><subfield code="d">2023-09-24 20:00:00 US/Eastern</subfield><subfield code="q">2023-10-10 13:31:32 US/Eastern</subfield><subfield code="y">eastasian</subfield></datafield><datafield tag="876" ind1=" " ind2=" "><subfield code="0">22543514500006421</subfield><subfield code="j">1</subfield><subfield code="z">pa</subfield><subfield code="p">32101084857190</subfield><subfield code="t">1</subfield><subfield code="a">23543514230006421</subfield><subfield code="3">no.262-263,265,267-268,270-271,273 2009</subfield><subfield code="d">2013-04-16 20:00:00 US/Eastern</subfield><subfield code="q">2013-04-17 06:59:00 US/Eastern</subfield><subfield code="y">recap</subfield></datafield><datafield tag="876" ind1=" " ind2=" "><subfield code="0">22543514500006421</subfield><subfield code="j">1</subfield><subfield code="z">pa</subfield><subfield code="p">32101084857182</subfield><subfield code="t">1</subfield><subfield code="a">23543514240006421</subfield><subfield code="3">no.229-235,237-238,240-241,243 2008</subfield><subfield code="d">2013-04-16 20:00:00 US/Eastern</subfield><subfield code="q">2013-04-17 06:59:00 US/Eastern</subfield><subfield code="y">recap</subfield></datafield><datafield tag="876" ind1=" " ind2=" "><subfield code="0">22543514500006421</subfield><subfield code="j">1</subfield><subfield code="z">pa</subfield><subfield code="p">32101066007202</subfield><subfield code="t">1</subfield><subfield code="a">23543514250006421</subfield><subfield code="3">no.205-216 2007</subfield><subfield code="d">2009-01-07 19:00:00 US/Eastern</subfield><subfield code="q">2009-01-08 05:59:00 US/Eastern</subfield><subfield code="y">recap</subfield></datafield><datafield tag="876" ind1=" " ind2=" "><subfield code="0">22543514500006421</subfield><subfield code="j">1</subfield><subfield code="z">pa</subfield><subfield code="p">32101059151256</subfield><subfield code="t">1</subfield><subfield code="a">23543514260006421</subfield><subfield code="3">no.169-180 2005</subfield><subfield code="d">2006-07-31 20:00:00 US/Eastern</subfield><subfield code="q">2006-08-01 06:59:00 US/Eastern</subfield><subfield code="y">recap</subfield></datafield><datafield tag="876" ind1=" " ind2=" "><subfield code="0">22543514500006421</subfield><subfield code="j">1</subfield><subfield code="z">pa</subfield><subfield code="p">32101078231444</subfield><subfield code="t">1</subfield><subfield code="a">23543514430006421</subfield><subfield code="3">no.97-108 1999</subfield><subfield code="d">2000-12-07 19:00:00 US/Eastern</subfield><subfield code="q">2000-12-08 05:59:00 US/Eastern</subfield><subfield code="y">recap</subfield></datafield><datafield tag="876" ind1=" " ind2=" "><subfield code="0">22543514500006421</subfield><subfield code="j">1</subfield><subfield code="z">pa</subfield><subfield code="p">32101063086829</subfield><subfield code="t">1</subfield><subfield code="a">23543514400006421</subfield><subfield code="3">no.193-204 2006</subfield><subfield code="d">2007-10-25 20:00:00 US/Eastern</subfield><subfield code="q">2007-10-26 06:59:00 US/Eastern</subfield><subfield code="y">recap</subfield></datafield><datafield tag="876" ind1=" " ind2=" "><subfield code="0">22543514500006421</subfield><subfield code="j">1</subfield><subfield code="z">pa</subfield><subfield code="p">32101056637554</subfield><subfield code="t">1</subfield><subfield code="a">23543514420006421</subfield><subfield code="3">no.157-168 2004</subfield><subfield code="d">2005-12-21 19:00:00 US/Eastern</subfield><subfield code="q">2005-12-22 05:59:00 US/Eastern</subfield><subfield code="y">recap</subfield></datafield><datafield tag="876" ind1=" " ind2=" "><subfield code="0">22543514500006421</subfield><subfield code="j">1</subfield><subfield code="z">pa</subfield><subfield code="p">32101078231436</subfield><subfield code="t">1</subfield><subfield code="a">23543514440006421</subfield><subfield code="3">no.85-96 1998</subfield><subfield code="d">2000-06-12 20:00:00 US/Eastern</subfield><subfield code="q">2000-06-13 06:59:00 US/Eastern</subfield><subfield code="y">recap</subfield></datafield><datafield tag="876" ind1=" " ind2=" "><subfield code="0">22543514500006421</subfield><subfield code="j">1</subfield><subfield code="z">pa</subfield><subfield code="p">32101084857216</subfield><subfield code="t">1</subfield><subfield code="a">23543514210006421</subfield><subfield code="3">no.281-288 2009</subfield><subfield code="d">2013-04-16 20:00:00 US/Eastern</subfield><subfield code="q">2013-04-17 06:59:00 US/Eastern</subfield><subfield code="y">recap</subfield></datafield><datafield tag="876" ind1=" " ind2=" "><subfield code="0">22543514500006421</subfield><subfield code="j">1</subfield><subfield code="z">pa</subfield><subfield code="p">32101050166253</subfield><subfield code="t">1</subfield><subfield code="a">23543514280006421</subfield><subfield code="3">no.133-144 2002</subfield><subfield code="d">2003-12-30 19:00:00 US/Eastern</subfield><subfield code="q">2003-12-31 05:59:00 US/Eastern</subfield><subfield code="y">recap</subfield></datafield><datafield tag="876" ind1=" " ind2=" "><subfield code="0">22543514500006421</subfield><subfield code="j">1</subfield><subfield code="z">pa</subfield><subfield code="p">32101078231428</subfield><subfield code="t">1</subfield><subfield code="a">23543514450006421</subfield><subfield code="3">no.73-84 1997</subfield><subfield code="d">2000-06-12 20:00:00 US/Eastern</subfield><subfield code="q">2000-06-13 06:59:00 US/Eastern</subfield><subfield code="y">recap</subfield></datafield><datafield tag="876" ind1=" " ind2=" "><subfield code="0">22543514500006421</subfield><subfield code="j">1</subfield><subfield code="z">pa</subfield><subfield code="p">32101043816956</subfield><subfield code="t">1</subfield><subfield code="a">23543514290006421</subfield><subfield code="3">no.121-132 2001</subfield><subfield code="d">2002-09-25 20:00:00 US/Eastern</subfield><subfield code="q">2002-09-26 06:59:00 US/Eastern</subfield><subfield code="y">recap</subfield></datafield><datafield tag="876" ind1=" " ind2=" "><subfield code="0">22543514500006421</subfield><subfield code="j">1</subfield><subfield code="z">pa</subfield><subfield code="p">32101049807710</subfield><subfield code="t">1</subfield><subfield code="a">23543514270006421</subfield><subfield code="3">no.145-156 2003</subfield><subfield code="d">2004-06-30 20:00:00 US/Eastern</subfield><subfield code="q">2004-07-01 06:59:00 US/Eastern</subfield><subfield code="y">recap</subfield></datafield><datafield tag="876" ind1=" " ind2=" "><subfield code="0">22543514500006421</subfield><subfield code="j">1</subfield><subfield code="z">pa</subfield><subfield code="p">32101084857208</subfield><subfield code="t">1</subfield><subfield code="a">23543514220006421</subfield><subfield code="3">no.273-280 2009</subfield><subfield code="d">2013-04-16 20:00:00 US/Eastern</subfield><subfield code="q">2013-04-17 06:59:00 US/Eastern</subfield><subfield code="y">recap</subfield></datafield><datafield tag="876" ind1=" " ind2=" "><subfield code="0">22543514500006421</subfield><subfield code="j">1</subfield><subfield code="z">pa</subfield><subfield code="p">32101093197224</subfield><subfield code="t">1</subfield><subfield code="a">23543514740006421</subfield><subfield code="3">no.345-350 2013</subfield><subfield code="d">2014-02-26 19:00:00 US/Eastern</subfield><subfield code="q">2014-02-27 16:49:22 US/Eastern</subfield><subfield code="y">recap</subfield></datafield><datafield tag="876" ind1=" " ind2=" "><subfield code="0">22543514500006421</subfield><subfield code="j">1</subfield><subfield code="z">pa</subfield><subfield code="p">32101108645993</subfield><subfield code="t">1</subfield><subfield code="a">23543514650006421</subfield><subfield code="3">2016  </subfield><subfield code="d">2021-02-23 19:00:00 US/Eastern</subfield><subfield code="q">2021-02-24 16:47:58 US/Eastern</subfield><subfield code="y">recap</subfield></datafield><datafield tag="876" ind1=" " ind2=" "><subfield code="0">22543514500006421</subfield><subfield code="j">1</subfield><subfield code="z">pa</subfield><subfield code="p">32101108645936</subfield><subfield code="t">1</subfield><subfield code="a">23543514580006421</subfield><subfield code="3">2018 no. 28-36</subfield><subfield code="d">2021-02-23 19:00:00 US/Eastern</subfield><subfield code="q">2021-02-24 16:47:16 US/Eastern</subfield><subfield code="y">recap</subfield></datafield><datafield tag="876" ind1=" " ind2=" "><subfield code="0">22543515910006421</subfield><subfield code="j">1</subfield><subfield code="z">cjk</subfield><subfield code="p">32101108647411</subfield><subfield code="a">23915258980006421</subfield><subfield code="3">2020 no. 28-36 </subfield><subfield code="d">2022-01-05 19:00:00 US/Eastern</subfield><subfield code="q">2022-02-11 10:44:49 US/Eastern</subfield><subfield code="y">eastasian</subfield></datafield><datafield tag="876" ind1=" " ind2=" "><subfield code="0">22543515910006421</subfield><subfield code="j">1</subfield><subfield code="z">cjk</subfield><subfield code="p">32101115489252</subfield><subfield code="a">231002399590006421</subfield><subfield code="3">2023 no. 1-9 </subfield><subfield code="d">2023-11-29 12:35:40 US/Eastern</subfield><subfield code="q">2024-05-15 12:10:20 US/Eastern</subfield><subfield code="y">eastasian</subfield></datafield><datafield tag="876" ind1=" " ind2=" "><subfield code="0">22543515910006421</subfield><subfield code="j">1</subfield><subfield code="z">cjk</subfield><subfield code="p">32101113924037</subfield><subfield code="a">23992986690006421</subfield><subfield code="3">2022 no. 10-18 </subfield><subfield code="d">2023-09-25 12:57:58 US/Eastern</subfield><subfield code="q">2023-09-25 12:58:49 US/Eastern</subfield><subfield code="y">eastasian</subfield></datafield><datafield tag="876" ind1=" " ind2=" "><subfield code="0">22543514500006421</subfield><subfield code="j">1</subfield><subfield code="z">pa</subfield><subfield code="p">32101084864972</subfield><subfield code="t">1</subfield><subfield code="a">23543514720006421</subfield><subfield code="3">no.319-324 2011</subfield><subfield code="d">2013-05-20 20:00:00 US/Eastern</subfield><subfield code="q">2013-05-21 16:48:29 US/Eastern</subfield><subfield code="y">recap</subfield></datafield><datafield tag="876" ind1=" " ind2=" "><subfield code="0">22543514500006421</subfield><subfield code="j">1</subfield><subfield code="z">pa</subfield><subfield code="p">32101090100395</subfield><subfield code="t">1</subfield><subfield code="a">23543514760006421</subfield><subfield code="3">no.333-338 2012</subfield><subfield code="d">2013-07-18 20:00:00 US/Eastern</subfield><subfield code="q">2013-07-19 16:48:42 US/Eastern</subfield><subfield code="y">recap</subfield></datafield><datafield tag="876" ind1=" " ind2=" "><subfield code="0">22543514500006421</subfield><subfield code="j">1</subfield><subfield code="z">pa</subfield><subfield code="p">32101081418442</subfield><subfield code="t">1</subfield><subfield code="a">23543514690006421</subfield><subfield code="3">no.357-362 2014</subfield><subfield code="d">2015-03-17 20:00:00 US/Eastern</subfield><subfield code="q">2015-03-18 16:49:36 US/Eastern</subfield><subfield code="y">recap</subfield></datafield><datafield tag="876" ind1=" " ind2=" "><subfield code="0">22543514500006421</subfield><subfield code="j">1</subfield><subfield code="z">pa</subfield><subfield code="p">32101086668470</subfield><subfield code="t">1</subfield><subfield code="a">23543514700006421</subfield><subfield code="3">no.325-332 2011</subfield><subfield code="d">2014-11-12 19:00:00 US/Eastern</subfield><subfield code="q">2014-11-13 16:48:36 US/Eastern</subfield><subfield code="y">recap</subfield></datafield><datafield tag="876" ind1=" " ind2=" "><subfield code="0">22543515910006421</subfield><subfield code="j">1</subfield><subfield code="z">cjk</subfield><subfield code="p">32101108645902</subfield><subfield code="t">1</subfield><subfield code="a">23543514540006421</subfield><subfield code="3">2019 no. 19-20, 22-27</subfield><subfield code="d">2021-02-23 19:00:00 US/Eastern</subfield><subfield code="q">2021-02-24 05:59:00 US/Eastern</subfield><subfield code="y">eastasian</subfield></datafield><datafield tag="876" ind1=" " ind2=" "><subfield code="0">22543514500006421</subfield><subfield code="j">1</subfield><subfield code="z">pa</subfield><subfield code="p">32101108645977</subfield><subfield code="t">1</subfield><subfield code="a">23543514630006421</subfield><subfield code="3">2018 no. 1-9</subfield><subfield code="d">2021-02-23 19:00:00 US/Eastern</subfield><subfield code="q">2021-02-24 16:47:42 US/Eastern</subfield><subfield code="y">recap</subfield></datafield><datafield tag="876" ind1=" " ind2=" "><subfield code="0">22543514500006421</subfield><subfield code="j">1</subfield><subfield code="z">pa</subfield><subfield code="p">32101095363410</subfield><subfield code="t">1</subfield><subfield code="a">23543514670006421</subfield><subfield code="3">no.369-374 2015</subfield><subfield code="d">2016-02-14 19:00:00 US/Eastern</subfield><subfield code="q">2016-02-15 16:49:50 US/Eastern</subfield><subfield code="y">recap</subfield></datafield><datafield tag="876" ind1=" " ind2=" "><subfield code="0">22543514500006421</subfield><subfield code="j">1</subfield><subfield code="z">pa</subfield><subfield code="p">32101108645944</subfield><subfield code="t">1</subfield><subfield code="a">23543514610006421</subfield><subfield code="3">2018 no. 19-27</subfield><subfield code="d">2021-02-23 19:00:00 US/Eastern</subfield><subfield code="q">2021-02-24 16:47:25 US/Eastern</subfield><subfield code="y">recap</subfield></datafield><datafield tag="876" ind1=" " ind2=" "><subfield code="0">22543515910006421</subfield><subfield code="j">1</subfield><subfield code="z">cjk</subfield><subfield code="p">32101113924045</subfield><subfield code="a">23992986720006421</subfield><subfield code="3">2022 no. 19-27 </subfield><subfield code="d">2023-09-25 12:55:21 US/Eastern</subfield><subfield code="q">2023-09-25 12:55:55 US/Eastern</subfield><subfield code="y">eastasian</subfield></datafield><datafield tag="876" ind1=" " ind2=" "><subfield code="0">22543515910006421</subfield><subfield code="j">1</subfield><subfield code="z">cjk</subfield><subfield code="a">231100749670006421</subfield><subfield code="3">2025, no. 4, pt. 1 </subfield><subfield code="d">2026-01-16 14:28:19 US/Eastern</subfield><subfield code="q">2026-01-16 14:28:19 US/Eastern</subfield><subfield code="y">eastasian</subfield></datafield><datafield tag="876" ind1=" " ind2=" "><subfield code="0">22543514500006421</subfield><subfield code="j">1</subfield><subfield code="z">pa</subfield><subfield code="p">32101077665071</subfield><subfield code="t">1</subfield><subfield code="a">23543514780006421</subfield><subfield code="3">no.289-300 2010</subfield><subfield code="d">2011-07-17 20:00:00 US/Eastern</subfield><subfield code="q">2011-07-18 16:48:09 US/Eastern</subfield><subfield code="y">recap</subfield></datafield><datafield tag="876" ind1=" " ind2=" "><subfield code="0">22543515910006421</subfield><subfield code="j">1</subfield><subfield code="z">cjk</subfield><subfield code="p">32101108647437</subfield><subfield code="a">23915259040006421</subfield><subfield code="3">2020 no. 10-18 </subfield><subfield code="d">2022-02-11 10:39:27 US/Eastern</subfield><subfield code="q">2022-02-11 10:40:21 US/Eastern</subfield><subfield code="y">eastasian</subfield></datafield><datafield tag="876" ind1=" " ind2=" "><subfield code="0">22543515910006421</subfield><subfield code="j">1</subfield><subfield code="z">cjk</subfield><subfield code="p">32101108647445</subfield><subfield code="a">23915259060006421</subfield><subfield code="3">2020 no. 1-8 </subfield><subfield code="d">2022-02-11 10:36:12 US/Eastern</subfield><subfield code="q">2022-02-11 10:36:51 US/Eastern</subfield><subfield code="y">eastasian</subfield></datafield><datafield tag="876" ind1=" " ind2=" "><subfield code="0">22543515910006421</subfield><subfield code="j">1</subfield><subfield code="z">cjk</subfield><subfield code="a">231095445760006421</subfield><subfield code="3">2025 no. 5-7 </subfield><subfield code="d">2025-12-12 12:35:24 US/Eastern</subfield><subfield code="q">2025-12-12 12:35:42 US/Eastern</subfield><subfield code="y">eastasian</subfield></datafield><datafield tag="876" ind1=" " ind2=" "><subfield code="0">22543515910006421</subfield><subfield code="j">1</subfield><subfield code="z">cjk</subfield><subfield code="p">32101117978419</subfield><subfield code="a">23971659790006421</subfield><subfield code="3">2021 no. 19-27 </subfield><subfield code="d">2023-05-10 14:41:16 US/Eastern</subfield><subfield code="q">2023-05-10 14:42:32 US/Eastern</subfield><subfield code="y">eastasian</subfield></datafield><datafield tag="876" ind1=" " ind2=" "><subfield code="0">22543515910006421</subfield><subfield code="j">1</subfield><subfield code="z">cjk</subfield><subfield code="p">32101117978401</subfield><subfield code="a">23971659770006421</subfield><subfield code="3">2021 no. 28-36 </subfield><subfield code="d">2023-05-10 14:42:39 US/Eastern</subfield><subfield code="q">2023-05-10 14:42:55 US/Eastern</subfield><subfield code="y">eastasian</subfield></datafield><datafield tag="876" ind1=" " ind2=" "><subfield code="0">22543515910006421</subfield><subfield code="j">1</subfield><subfield code="z">cjk</subfield><subfield code="a">231100749650006421</subfield><subfield code="3">2025, no. 10, pt. 1 </subfield><subfield code="d">2026-01-16 14:29:38 US/Eastern</subfield><subfield code="q">2026-01-16 14:29:38 US/Eastern</subfield><subfield code="y">eastasian</subfield></datafield><datafield tag="876" ind1=" " ind2=" "><subfield code="0">22543514500006421</subfield><subfield code="j">1</subfield><subfield code="z">pa</subfield><subfield code="p">32101078231394</subfield><subfield code="t">1</subfield><subfield code="a">23543514330006421</subfield><subfield code="3">no.37-48 1994</subfield><subfield code="d">2011-03-07 19:00:00 US/Eastern</subfield><subfield code="q">2011-03-08 05:59:00 US/Eastern</subfield><subfield code="y">recap</subfield></datafield><datafield tag="876" ind1=" " ind2=" "><subfield code="0">22543515910006421</subfield><subfield code="j">1</subfield><subfield code="z">cjk</subfield><subfield code="p">32101114065970</subfield><subfield code="a">231097017560006421</subfield><subfield code="3">2024 no. 19-27 </subfield><subfield code="d">2026-01-06 12:42:09 US/Eastern</subfield><subfield code="q">2026-01-06 12:42:22 US/Eastern</subfield><subfield code="y">eastasian</subfield></datafield><datafield tag="876" ind1=" " ind2=" "><subfield code="0">22543515910006421</subfield><subfield code="j">1</subfield><subfield code="z">cjk</subfield><subfield code="p">32101114065988</subfield><subfield code="a">231097017570006421</subfield><subfield code="3">2024 no. 10-18 </subfield><subfield code="d">2026-01-06 12:41:12 US/Eastern</subfield><subfield code="q">2026-01-06 12:41:24 US/Eastern</subfield><subfield code="y">eastasian</subfield></datafield><datafield tag="876" ind1=" " ind2=" "><subfield code="0">22543515910006421</subfield><subfield code="j">1</subfield><subfield code="z">cjk</subfield><subfield code="p">32101114065996</subfield><subfield code="a">231097017590006421</subfield><subfield code="3">2024 no. 1-9 </subfield><subfield code="d">2026-01-06 12:38:19 US/Eastern</subfield><subfield code="q">2026-01-06 12:38:46 US/Eastern</subfield><subfield code="y">eastasian</subfield></datafield><datafield tag="876" ind1=" " ind2=" "><subfield code="0">22543514500006421</subfield><subfield code="j">1</subfield><subfield code="z">pa</subfield><subfield code="p">32101078231378</subfield><subfield code="t">1</subfield><subfield code="a">23543514360006421</subfield><subfield code="3">no.13-24 1992</subfield><subfield code="d">2011-03-07 19:00:00 US/Eastern</subfield><subfield code="q">2011-03-08 05:59:00 US/Eastern</subfield><subfield code="y">recap</subfield></datafield><datafield tag="876" ind1=" " ind2=" "><subfield code="0">22543514500006421</subfield><subfield code="j">1</subfield><subfield code="z">pa</subfield><subfield code="p">32101078231360</subfield><subfield code="t">1</subfield><subfield code="a">23543514370006421</subfield><subfield code="3">no.1-12 1991</subfield><subfield code="d">2011-03-07 19:00:00 US/Eastern</subfield><subfield code="q">2011-03-08 05:59:00 US/Eastern</subfield><subfield code="y">recap</subfield></datafield><datafield tag="876" ind1=" " ind2=" "><subfield code="0">22543514500006421</subfield><subfield code="j">1</subfield><subfield code="z">pa</subfield><subfield code="p">32101066007210</subfield><subfield code="t">1</subfield><subfield code="a">23543514310006421</subfield><subfield code="3">no.217-228 2007</subfield><subfield code="d">2009-01-07 19:00:00 US/Eastern</subfield><subfield code="q">2009-01-08 05:59:00 US/Eastern</subfield><subfield code="y">recap</subfield></datafield><datafield tag="876" ind1=" " ind2=" "><subfield code="0">22543514500006421</subfield><subfield code="j">1</subfield><subfield code="z">pa</subfield><subfield code="p">32101078231386</subfield><subfield code="t">1</subfield><subfield code="a">23543514350006421</subfield><subfield code="3">no.25-36 1993</subfield><subfield code="d">2011-03-07 19:00:00 US/Eastern</subfield><subfield code="q">2011-03-08 05:59:00 US/Eastern</subfield><subfield code="y">recap</subfield></datafield><datafield tag="876" ind1=" " ind2=" "><subfield code="0">22543514500006421</subfield><subfield code="j">1</subfield><subfield code="z">pa</subfield><subfield code="p">32101078983747</subfield><subfield code="t">1</subfield><subfield code="a">23543514380006421</subfield><subfield code="3">no.253-261 2008</subfield><subfield code="d">2010-12-12 19:00:00 US/Eastern</subfield><subfield code="q">2010-12-13 05:59:00 US/Eastern</subfield><subfield code="y">recap</subfield></datafield><datafield tag="876" ind1=" " ind2=" "><subfield code="0">22543514500006421</subfield><subfield code="j">1</subfield><subfield code="z">pa</subfield><subfield code="p">32101078983754</subfield><subfield code="t">1</subfield><subfield code="a">23543514390006421</subfield><subfield code="3">no.244-252 2008</subfield><subfield code="d">2010-12-12 19:00:00 US/Eastern</subfield><subfield code="q">2010-12-13 05:59:00 US/Eastern</subfield><subfield code="y">recap</subfield></datafield><datafield tag="876" ind1=" " ind2=" "><subfield code="0">22543514500006421</subfield><subfield code="j">1</subfield><subfield code="z">pa</subfield><subfield code="p">32101043660230</subfield><subfield code="t">1</subfield><subfield code="a">23543514300006421</subfield><subfield code="3">no.109-120 2000</subfield><subfield code="d">2002-06-23 20:00:00 US/Eastern</subfield><subfield code="q">2002-06-24 06:59:00 US/Eastern</subfield><subfield code="y">recap</subfield></datafield><datafield tag="876" ind1=" " ind2=" "><subfield code="0">22543514500006421</subfield><subfield code="j">1</subfield><subfield code="z">pa</subfield><subfield code="p">32101078231410</subfield><subfield code="t">1</subfield><subfield code="a">23543514320006421</subfield><subfield code="3">no.61-72 1996</subfield><subfield code="d">2011-03-07 19:00:00 US/Eastern</subfield><subfield code="q">2011-03-08 05:59:00 US/Eastern</subfield><subfield code="y">recap</subfield></datafield><datafield tag="876" ind1=" " ind2=" "><subfield code="0">22543515910006421</subfield><subfield code="j">1</subfield><subfield code="z">cjk</subfield><subfield code="p">32101108645928</subfield><subfield code="t">1</subfield><subfield code="a">23543514570006421</subfield><subfield code="3">2019 no. 1-9</subfield><subfield code="d">2021-02-23 19:00:00 US/Eastern</subfield><subfield code="q">2021-02-24 05:59:00 US/Eastern</subfield><subfield code="y">eastasian</subfield></datafield><datafield tag="876" ind1=" " ind2=" "><subfield code="0">22543514500006421</subfield><subfield code="j">1</subfield><subfield code="z">pa</subfield><subfield code="p">32101108646009</subfield><subfield code="t">1</subfield><subfield code="a">23543514660006421</subfield><subfield code="3">no.375-380 2015</subfield><subfield code="d">2021-02-23 19:00:00 US/Eastern</subfield><subfield code="q">2021-02-24 16:49:57 US/Eastern</subfield><subfield code="y">recap</subfield></datafield><datafield tag="876" ind1=" " ind2=" "><subfield code="0">22543514500006421</subfield><subfield code="j">1</subfield><subfield code="z">pa</subfield><subfield code="p">32101078231402</subfield><subfield code="t">1</subfield><subfield code="a">23543514460006421</subfield><subfield code="3">no.49-60 1995</subfield><subfield code="d">2000-06-12 20:00:00 US/Eastern</subfield><subfield code="q">2000-06-13 06:59:00 US/Eastern</subfield><subfield code="y">recap</subfield></datafield><datafield tag="876" ind1=" " ind2=" "><subfield code="0">22543514500006421</subfield><subfield code="j">1</subfield><subfield code="z">pa</subfield><subfield code="p">32101084865052</subfield><subfield code="t">1</subfield><subfield code="a">23543514710006421</subfield><subfield code="3">no.313-318 2011</subfield><subfield code="d">2013-05-20 20:00:00 US/Eastern</subfield><subfield code="q">2013-05-21 16:48:23 US/Eastern</subfield><subfield code="y">recap</subfield></datafield><datafield tag="876" ind1=" " ind2=" "><subfield code="0">22543514500006421</subfield><subfield code="j">1</subfield><subfield code="z">pa</subfield><subfield code="p">32101086663091</subfield><subfield code="t">1</subfield><subfield code="a">23543514730006421</subfield><subfield code="3">no.351-356 2013</subfield><subfield code="d">2014-08-18 20:00:00 US/Eastern</subfield><subfield code="q">2014-08-19 16:49:29 US/Eastern</subfield><subfield code="y">recap</subfield></datafield><datafield tag="876" ind1=" " ind2=" "><subfield code="0">22543514500006421</subfield><subfield code="j">1</subfield><subfield code="z">pa</subfield><subfield code="p">32101090100403</subfield><subfield code="t">1</subfield><subfield code="a">23543514750006421</subfield><subfield code="3">no.339-344 2012</subfield><subfield code="d">2013-07-18 20:00:00 US/Eastern</subfield><subfield code="q">2013-07-19 16:48:52 US/Eastern</subfield><subfield code="y">recap</subfield></datafield><datafield tag="876" ind1=" " ind2=" "><subfield code="0">22543514500006421</subfield><subfield code="j">1</subfield><subfield code="z">pa</subfield><subfield code="p">32101081844233</subfield><subfield code="t">1</subfield><subfield code="a">23543514770006421</subfield><subfield code="3">no.301-312 2010</subfield><subfield code="d">2012-01-02 19:00:00 US/Eastern</subfield><subfield code="q">2012-01-03 16:48:16 US/Eastern</subfield><subfield code="y">recap</subfield></datafield><datafield tag="876" ind1=" " ind2=" "><subfield code="0">22543515910006421</subfield><subfield code="j">1</subfield><subfield code="z">cjk</subfield><subfield code="p">32101115428995</subfield><subfield code="a">231038006080006421</subfield><subfield code="3">2023 no. 28-36 </subfield><subfield code="d">2024-12-17 13:30:10 US/Eastern</subfield><subfield code="q">2024-12-17 13:30:22 US/Eastern</subfield><subfield code="y">eastasian</subfield></datafield><datafield tag="876" ind1=" " ind2=" "><subfield code="0">22543514500006421</subfield><subfield code="j">1</subfield><subfield code="z">pa</subfield><subfield code="p">32101108645951</subfield><subfield code="t">1</subfield><subfield code="a">23543514620006421</subfield><subfield code="3">2018 no. 10-18</subfield><subfield code="d">2021-02-23 19:00:00 US/Eastern</subfield><subfield code="q">2021-02-24 16:47:34 US/Eastern</subfield><subfield code="y">recap</subfield></datafield><datafield tag="876" ind1=" " ind2=" "><subfield code="0">22543515910006421</subfield><subfield code="j">1</subfield><subfield code="z">cjk</subfield><subfield code="p">32101108645969</subfield><subfield code="t">1</subfield><subfield code="a">23543514530006421</subfield><subfield code="3">2019 no. 28-36</subfield><subfield code="d">2021-02-23 19:00:00 US/Eastern</subfield><subfield code="q">2021-02-24 05:59:00 US/Eastern</subfield><subfield code="y">eastasian</subfield></datafield><datafield tag="876" ind1=" " ind2=" "><subfield code="0">22543515910006421</subfield><subfield code="j">1</subfield><subfield code="z">cjk</subfield><subfield code="p">32101108645910</subfield><subfield code="t">1</subfield><subfield code="a">23543514550006421</subfield><subfield code="3">2019 no. 10-18</subfield><subfield code="d">2021-02-23 19:00:00 US/Eastern</subfield><subfield code="q">2021-02-24 05:59:00 US/Eastern</subfield><subfield code="y">eastasian</subfield></datafield><datafield tag="876" ind1=" " ind2=" "><subfield code="0">22543515910006421</subfield><subfield code="j">1</subfield><subfield code="z">cjk</subfield><subfield code="p">32101115429001</subfield><subfield code="a">231038006110006421</subfield><subfield code="3">2023 no. 19-27 </subfield><subfield code="d">2024-12-17 13:29:09 US/Eastern</subfield><subfield code="q">2024-12-17 13:29:35 US/Eastern</subfield><subfield code="y">eastasian</subfield></datafield><datafield tag="876" ind1=" " ind2=" "><subfield code="0">22543515910006421</subfield><subfield code="j">1</subfield><subfield code="z">cjk</subfield><subfield code="p">32101108647429</subfield><subfield code="a">23915258990006421</subfield><subfield code="3">2020 no. 19-27 </subfield><subfield code="d">2022-02-11 10:42:11 US/Eastern</subfield><subfield code="q">2022-02-11 10:42:47 US/Eastern</subfield><subfield code="y">eastasian</subfield></datafield><datafield tag="876" ind1=" " ind2=" "><subfield code="0">22543514500006421</subfield><subfield code="j">1</subfield><subfield code="z">pa</subfield><subfield code="p">32101108645985</subfield><subfield code="t">1</subfield><subfield code="a">23543514640006421</subfield><subfield code="3">2017 </subfield><subfield code="d">2021-02-23 19:00:00 US/Eastern</subfield><subfield code="q">2021-02-24 16:47:50 US/Eastern</subfield><subfield code="y">recap</subfield></datafield><datafield tag="876" ind1=" " ind2=" "><subfield code="0">22543514500006421</subfield><subfield code="j">1</subfield><subfield code="z">pa</subfield><subfield code="p">32101081428839</subfield><subfield code="t">1</subfield><subfield code="a">23543514680006421</subfield><subfield code="3">no.363-368 2014</subfield><subfield code="d">2015-08-06 20:00:00 US/Eastern</subfield><subfield code="q">2015-08-07 16:49:43 US/Eastern</subfield><subfield code="y">recap</subfield></datafield><datafield tag="876" ind1=" " ind2=" "><subfield code="0">22543515910006421</subfield><subfield code="j">1</subfield><subfield code="z">cjk</subfield><subfield code="p">32101113924052</subfield><subfield code="a">23992986730006421</subfield><subfield code="3">2022 no. 1-9 </subfield><subfield code="d">2023-09-25 12:52:45 US/Eastern</subfield><subfield code="q">2023-09-25 13:01:20 US/Eastern</subfield><subfield code="y">eastasian</subfield></datafield><datafield tag="876" ind1=" " ind2=" "><subfield code="0">22543515910006421</subfield><subfield code="j">1</subfield><subfield code="z">cjk</subfield><subfield code="a">231100749660006421</subfield><subfield code="3">2025, no. 7, pt. 1 </subfield><subfield code="d">2026-01-16 14:28:50 US/Eastern</subfield><subfield code="q">2026-01-16 14:28:50 US/Eastern</subfield><subfield code="y">eastasian</subfield></datafield><datafield tag="876" ind1=" " ind2=" "><subfield code="0">22543515910006421</subfield><subfield code="j">0</subfield><subfield code="x">WORK_ORDER_DEPARTMENT</subfield><subfield code="z">cjk</subfield><subfield code="p">32101114066762</subfield><subfield code="a">231103849420006421</subfield><subfield code="3">2024 no. 28-36 </subfield><subfield code="d">2026-02-24 13:58:48 US/Eastern</subfield><subfield code="q">2026-02-24 13:59:11 US/Eastern</subfield><subfield code="y">eastasian</subfield></datafield><datafield tag="876" ind1=" " ind2=" "><subfield code="0">22543515910006421</subfield><subfield code="j">1</subfield><subfield code="z">cjk</subfield><subfield code="p">32101115425215</subfield><subfield code="a">231025259830006421</subfield><subfield code="3">2023 no. 10-18 </subfield><subfield code="d">2024-08-12 13:54:49 US/Eastern</subfield><subfield code="q">2024-08-12 13:55:10 US/Eastern</subfield><subfield code="y">eastasian</subfield></datafield></record>