<record><leader>01252cam a2200349 a 4500</leader><controlfield tag="005">20240718103647.0</controlfield><controlfield tag="008">820413s1981    nyu      b    001 0 eng  </controlfield><controlfield tag="001">991175873506421</controlfield><datafield tag="010" ind1=" " ind2=" "><subfield code="a">   81012796 </subfield></datafield><datafield tag="020" ind1=" " ind2=" "><subfield code="a">012129840X</subfield></datafield><datafield tag="035" ind1=" " ind2=" "><subfield code="a">(CStRLIN)NJPG82-B7670</subfield></datafield><datafield tag="035" ind1=" " ind2=" "><subfield code="9">AAT2302TS</subfield></datafield><datafield tag="035" ind1=" " ind2=" "><subfield code="a">(NjP)117587-princetondb</subfield></datafield><datafield tag="035" ind1=" " ind2=" "><subfield code="z">(NjP)Voyager117587</subfield></datafield><datafield tag="035" ind1=" " ind2=" "><subfield code="a">(OCoLC)ocm07738330</subfield></datafield><datafield tag="039" ind1="0" ind2=" "><subfield code="a">2</subfield><subfield code="b">3</subfield><subfield code="c">3</subfield><subfield code="d">3</subfield><subfield code="e">3</subfield></datafield><datafield tag="040" ind1=" " ind2=" "><subfield code="b">eng</subfield><subfield code="c">NjP</subfield></datafield><datafield tag="050" ind1="0" ind2=" "><subfield code="a">BF632.5</subfield><subfield code="b">.B73</subfield></datafield><datafield tag="082" ind1="0" ind2=" "><subfield code="a">153.8</subfield><subfield code="2">19</subfield></datafield><datafield tag="100" ind1="1" ind2=" "><subfield code="a">Brehm, Sharon S.</subfield><subfield code="0">http://id.loc.gov/authorities/names/n80082474</subfield></datafield><datafield tag="245" ind1="1" ind2="0"><subfield code="a">Psychological reactance :</subfield><subfield code="b">a theory of freedom and control /</subfield><subfield code="c">Sharon S. Brehm, Jack W. Brehm.</subfield></datafield><datafield tag="260" ind1=" " ind2=" "><subfield code="a">New York :</subfield><subfield code="b">Academic Press,</subfield><subfield code="c">1981.</subfield></datafield><datafield tag="300" ind1=" " ind2=" "><subfield code="a">xiii, 432 p. ;</subfield><subfield code="c">24 cm.</subfield></datafield><datafield tag="504" ind1=" " ind2=" "><subfield code="a">Bibliography: p. 398-419.</subfield></datafield><datafield tag="500" ind1=" " ind2=" "><subfield code="a">Includes indexes.</subfield></datafield><datafield tag="650" ind1=" " ind2="0"><subfield code="a">Psychological reactance.</subfield><subfield code="0">http://id.loc.gov/authorities/subjects/sh85108444</subfield></datafield><datafield tag="700" ind1="1" ind2=" "><subfield code="a">Brehm, Jack Williams.</subfield><subfield code="0">http://id.loc.gov/authorities/names/n81067901</subfield></datafield><datafield tag="911" ind1=" " ind2=" "><subfield code="a">19921028</subfield></datafield><datafield tag="912" ind1=" " ind2=" "><subfield code="a">19900820000000.0</subfield></datafield><datafield tag="914" ind1=" " ind2=" "><subfield code="a">(OCoLC)ocm07738330</subfield><subfield code="b">OCoLC</subfield><subfield code="c">match</subfield><subfield code="d">20240710</subfield><subfield code="e">processed</subfield><subfield code="f">7738330</subfield></datafield><datafield tag="948" ind1=" " ind2=" "><subfield code="a">AACR2</subfield></datafield><datafield tag="998" ind1=" " ind2=" "><subfield code="a">04/13/82</subfield><subfield code="s">9110</subfield><subfield code="n">NjP</subfield><subfield code="w">CUDG82B2164</subfield><subfield code="d">04/13/82</subfield><subfield code="c">RSB</subfield><subfield code="b">HEB</subfield><subfield code="i">820413</subfield><subfield code="l">NJPG</subfield></datafield><datafield tag="950" ind1=" " ind2=" "><subfield code="c">2024-07-18 10:36:47 US/Eastern</subfield><subfield code="b">2021-07-12 20:34:57 US/Eastern</subfield><subfield code="a">false</subfield></datafield><datafield tag="852" ind1="0" ind2="0"><subfield code="b">recap</subfield><subfield code="c">pa</subfield><subfield code="h">BF632.5</subfield><subfield code="i">.B73</subfield><subfield code="8">22612573420006421</subfield></datafield><datafield tag="952" ind1=" " ind2=" "><subfield code="a">2021-07-13 00:34:57</subfield><subfield code="8">22612573420006421</subfield><subfield code="b">ReCAP</subfield><subfield code="c">rcppa: RECAP</subfield><subfield code="e">false</subfield></datafield><datafield tag="876" ind1=" " ind2=" "><subfield code="0">22612573420006421</subfield><subfield code="j">0</subfield><subfield code="x">LOAN</subfield><subfield code="z">pa</subfield><subfield code="p">32101086273842</subfield><subfield code="t">1</subfield><subfield code="a">23612573410006421</subfield><subfield code="d">2000-06-12 20:00:00 US/Eastern</subfield><subfield code="q">2000-06-13 06:59:00 US/Eastern</subfield><subfield code="y">recap</subfield></datafield></record>