<record><leader>02037cam a2200385 a 4500</leader><controlfield tag="005">20240606065115.0</controlfield><controlfield tag="008">110128s2011    nyu      b    001 0 eng  </controlfield><controlfield tag="001">9969543533506421</controlfield><datafield tag="010" ind1=" " ind2=" "><subfield code="a">  2011002830</subfield></datafield><datafield tag="016" ind1="7" ind2=" "><subfield code="a">015817179</subfield><subfield code="2">Uk</subfield></datafield><datafield tag="016" ind1="7" ind2=" "><subfield code="a">101570186</subfield><subfield code="2">DNLM</subfield></datafield><datafield tag="020" ind1=" " ind2=" "><subfield code="a">9781609185046 (hardcover)</subfield></datafield><datafield tag="020" ind1=" " ind2=" "><subfield code="a">1609185048 (hardcover)</subfield></datafield><datafield tag="035" ind1=" " ind2=" "><subfield code="a">(NjP)6954353-princetondb</subfield></datafield><datafield tag="035" ind1=" " ind2=" "><subfield code="z">(NjP)Voyager6954353</subfield></datafield><datafield tag="035" ind1=" " ind2=" "><subfield code="a">(OCoLC)ocn698332858</subfield></datafield><datafield tag="040" ind1=" " ind2=" "><subfield code="a">DLC</subfield><subfield code="b">eng</subfield><subfield code="c">DLC</subfield><subfield code="d">BTCTA</subfield><subfield code="d">YDXCP</subfield><subfield code="d">VKC</subfield><subfield code="d">UKMGB</subfield><subfield code="d">CDX</subfield><subfield code="d">CLU</subfield><subfield code="d">NLM</subfield><subfield code="d">NjP</subfield></datafield><datafield tag="042" ind1=" " ind2=" "><subfield code="a">pcc</subfield></datafield><datafield tag="050" ind1="0" ind2="0"><subfield code="a">RC489.C63</subfield><subfield code="b">B43 2011</subfield></datafield><datafield tag="060" ind1="0" ind2="0"><subfield code="a">2011 J-649</subfield></datafield><datafield tag="060" ind1="1" ind2="0"><subfield code="a">WM 425.5.C6</subfield></datafield><datafield tag="082" ind1="0" ind2="0"><subfield code="a">616.89/1425</subfield><subfield code="2">22</subfield></datafield><datafield tag="100" ind1="1" ind2=" "><subfield code="a">Beck, Judith S.</subfield><subfield code="0">http://id.loc.gov/authorities/names/n95801347</subfield></datafield><datafield tag="245" ind1="1" ind2="0"><subfield code="a">Cognitive behavior therapy :</subfield><subfield code="b">basics and beyond /</subfield><subfield code="c">Judith S. Beck; foreword by Aaron T. Beck.</subfield></datafield><datafield tag="250" ind1=" " ind2=" "><subfield code="a">2nd ed.</subfield></datafield><datafield tag="260" ind1=" " ind2=" "><subfield code="a">New York :</subfield><subfield code="b">Guilford Press,</subfield><subfield code="c">2011.</subfield></datafield><datafield tag="300" ind1=" " ind2=" "><subfield code="a">xix, 391 p. :</subfield><subfield code="b">ill. ;</subfield><subfield code="c">24 cm.</subfield></datafield><datafield tag="500" ind1=" " ind2=" "><subfield code="a">Rev. ed. of: Cognitive therapy. c1995.</subfield></datafield><datafield tag="504" ind1=" " ind2=" "><subfield code="a">Includes bibliographical references and index.</subfield></datafield><datafield tag="505" ind1="0" ind2=" "><subfield code="a">Introduction to cognitive therapy -- Overview of treatment -- Cognitive conceptualization -- The evaluation session -- Structure of the first therapy session -- Behavioral activation -- Session two and beyond -- Problems with structuring the therapy session -- Identifying automatic thoughts -- Identifying emotions -- Evaluating automatic thoughts -- Responding to automatic thoughts -- Identifying and modifying intermediate beliefs -- Core beliefs -- Additional cognitive and behavioral techniques -- Imagery -- Homework -- Termination and relapse prevention -- Treatment planning -- Problems in therapy -- Progressing as a cognitive therapist.</subfield></datafield><datafield tag="650" ind1=" " ind2="0"><subfield code="a">Cognitive therapy.</subfield><subfield code="0">http://id.loc.gov/authorities/subjects/sh85027756</subfield></datafield><datafield tag="700" ind1="1" ind2=" "><subfield code="a">Beck, Judith S.</subfield><subfield code="t">Cognitive therapy.</subfield></datafield><datafield tag="902" ind1=" " ind2=" "><subfield code="a">rjf</subfield><subfield code="b">l</subfield><subfield code="6">a</subfield><subfield code="7">m</subfield><subfield code="d">v</subfield><subfield code="f">1</subfield><subfield code="e">20120313</subfield></datafield><datafield tag="904" ind1=" " ind2=" "><subfield code="a">cjf</subfield><subfield code="b">o</subfield><subfield code="h">m</subfield><subfield code="c">b</subfield><subfield code="e">20120120</subfield></datafield><datafield tag="914" ind1=" " ind2=" "><subfield code="a">(OCoLC)ocn698332858</subfield><subfield code="b">OCoLC</subfield><subfield code="c">match</subfield><subfield code="d">20240530</subfield><subfield code="e">processed</subfield><subfield code="f">698332858</subfield></datafield><datafield tag="950" ind1=" " ind2=" "><subfield code="c">2024-06-06 06:51:15 US/Eastern</subfield><subfield code="b">2021-07-13 02:41:23 US/Eastern</subfield><subfield code="a">false</subfield></datafield><datafield tag="852" ind1="0" ind2=" "><subfield code="b">recap</subfield><subfield code="c">pa</subfield><subfield code="h">RC489.C63</subfield><subfield code="i">B43 2011</subfield><subfield code="8">22678633060006421</subfield></datafield><datafield tag="952" ind1=" " ind2=" "><subfield code="a">2021-07-13 06:41:23</subfield><subfield code="8">22678633060006421</subfield><subfield code="b">ReCAP</subfield><subfield code="c">rcppa: RECAP</subfield><subfield code="e">false</subfield></datafield><datafield tag="876" ind1=" " ind2=" "><subfield code="0">22678633060006421</subfield><subfield code="j">0</subfield><subfield code="x">LOAN</subfield><subfield code="z">pa</subfield><subfield code="p">32101083207041</subfield><subfield code="t">1</subfield><subfield code="a">23678633050006421</subfield><subfield code="d">2012-03-12 20:00:00 US/Eastern</subfield><subfield code="q">2012-03-13 06:59:00 US/Eastern</subfield><subfield code="y">recap</subfield></datafield></record>