<record><leader>01957cas a2200445 a 4500</leader><controlfield tag="005">20240816113047.0</controlfield><controlfield tag="008">861021c19859999cc mr p       0   e0chi d</controlfield><controlfield tag="001">9930766443506421</controlfield><datafield tag="019" ind1=" " ind2=" "><subfield code="a">145399938</subfield></datafield><datafield tag="022" ind1=" " ind2=" "><subfield code="a">1002-6282</subfield></datafield><datafield tag="035" ind1=" " ind2=" "><subfield code="a">(CStRLIN)NJPX86-S327</subfield></datafield><datafield tag="035" ind1=" " ind2=" "><subfield code="a">(NjP)3076644-princetondb</subfield></datafield><datafield tag="035" ind1=" " ind2=" "><subfield code="z">(OCoLC)145399938</subfield></datafield><datafield tag="035" ind1=" " ind2=" "><subfield code="a">(OCoLC)ocm21343779</subfield></datafield><datafield tag="035" ind1=" " ind2=" "><subfield code="z">(NjP)Voyager3076644</subfield></datafield><datafield tag="040" ind1=" " ind2=" "><subfield code="a">CU</subfield><subfield code="b">eng</subfield><subfield code="c">PULEA</subfield><subfield code="d">PULEA</subfield></datafield><datafield tag="043" ind1=" " ind2=" "><subfield code="a">a-cc---</subfield></datafield><datafield tag="049" ind1=" " ind2=" "><subfield code="a">MAIN</subfield></datafield><datafield tag="090" ind1=" " ind2=" "><subfield code="a">CT203.C5</subfield><subfield code="b">M56</subfield></datafield><datafield tag="245" ind1="0" ind2="0"><subfield code="6">880-01</subfield><subfield code="a">Ming ren zhuan ji =</subfield><subfield code="b">Celebrities' biographies.</subfield></datafield><datafield tag="880" ind1="0" ind2="0"><subfield code="6">245-01</subfield><subfield code="a">名人传记 =</subfield><subfield code="b">Celebrities' biographies.</subfield></datafield><datafield tag="246" ind1="3" ind2="1"><subfield code="a">Mingren zhuanji</subfield></datafield><datafield tag="246" ind1="1" ind2=" "><subfield code="6">880-02</subfield><subfield code="i">For 2008- , issues for xia ban yue also called:</subfield><subfield code="a">Cai fu ren wu</subfield></datafield><datafield tag="880" ind1="1" ind2=" "><subfield code="6">246-02</subfield><subfield code="i">For 2008- , issues for 下半月 also called:</subfield><subfield code="a">财富人物</subfield></datafield><datafield tag="246" ind1="1" ind2="3"><subfield code="a">Celebrity's biography</subfield><subfield code="f">&lt;1996-1998&gt;</subfield></datafield><datafield tag="246" ind1="1" ind2="3"><subfield code="a">Celebrities' biographies</subfield><subfield code="f">&lt;2010&gt;-</subfield></datafield><datafield tag="260" ind1=" " ind2=" "><subfield code="6">880-03</subfield><subfield code="a">Zhengzhou :</subfield><subfield code="b">Huanghe wen yi chu ban she,</subfield><subfield code="c">1985-</subfield></datafield><datafield tag="880" ind1=" " ind2=" "><subfield code="6">260-03</subfield><subfield code="a">郑州：</subfield><subfield code="b">黃河文艺出版社，</subfield><subfield code="c">1985-</subfield></datafield><datafield tag="300" ind1=" " ind2=" "><subfield code="a">v. :</subfield><subfield code="b">ill ;</subfield><subfield code="c">26-29 cm.</subfield></datafield><datafield tag="310" ind1=" " ind2=" "><subfield code="a">Monthly,</subfield><subfield code="a">2018-</subfield></datafield><datafield tag="321" ind1=" " ind2=" "><subfield code="a">Semimonthly,</subfield><subfield code="a">2004-2017</subfield></datafield><datafield tag="321" ind1=" " ind2=" "><subfield code="a">Monthly,</subfield><subfield code="a">1988-2003</subfield></datafield><datafield tag="321" ind1=" " ind2=" "><subfield code="a">Bimonthly,</subfield><subfield code="a">1985-1987</subfield></datafield><datafield tag="651" ind1=" " ind2="0"><subfield code="a">China</subfield><subfield code="x">Biography</subfield><subfield code="v">Periodicals.</subfield></datafield><datafield tag="650" ind1=" " ind2="0"><subfield code="a">Biography</subfield><subfield code="v">Periodicals.</subfield></datafield><datafield tag="655" ind1=" " ind2="7"><subfield code="a">Periodicals.</subfield><subfield code="2">lcgft</subfield><subfield code="0">http://id.loc.gov/authorities/genreForms/gf2014026139</subfield></datafield><datafield tag="852" ind1=" " ind2=" "><subfield code="a">NjP-G</subfield><subfield code="b">C</subfield><subfield code="h">CT203.C5</subfield><subfield code="i">M56</subfield><subfield code="x">c.1 (no.103-108 1995) CNPITC 4-16-85. 32101032868935</subfield><subfield code="x">c.1 (no.109-114 1995) 32101032869123</subfield><subfield code="x">c.1 (no.115-120 1996) 32101033236942</subfield><subfield code="x">c.1 (no.121-126 1996) 32101032865634</subfield><subfield code="x">CIN=FSW; OID=SML</subfield><subfield code="z">Library has: No.1 (1985)-53,55-150 (1998)</subfield></datafield><datafield tag="914" ind1=" " ind2=" "><subfield code="a">(OCoLC)ocm21343779</subfield><subfield code="b">OCoLC</subfield><subfield code="c">field transfer</subfield><subfield code="d">20221117</subfield><subfield code="e">processed</subfield><subfield code="f">21343779</subfield></datafield><datafield tag="979" ind1=" " ind2=" "><subfield code="a">(OCoLC)ocn153609035</subfield></datafield><datafield tag="994" ind1=" " ind2=" "><subfield code="a">C0</subfield><subfield code="b">PULEA</subfield></datafield><datafield tag="950" ind1=" " ind2=" "><subfield code="c">2026-02-27 04:15:41 US/Eastern</subfield><subfield code="b">2021-07-12 20:08:38 US/Eastern</subfield><subfield code="a">false</subfield></datafield><datafield tag="852" ind1="0" ind2=" "><subfield code="b">recap</subfield><subfield code="c">pa</subfield><subfield code="h">CT203.C5</subfield><subfield code="i">M56</subfield><subfield code="8">22607780610006421</subfield></datafield><datafield tag="866" ind1=" " ind2="0"><subfield code="a">No. 1 (1985)-no. 474 (2014)</subfield><subfield code="8">22607780610006421</subfield></datafield><datafield tag="952" ind1=" " ind2=" "><subfield code="d">2024-05-29 17:57:53</subfield><subfield code="8">22607780610006421</subfield><subfield code="a">2021-07-13 00:08:38</subfield><subfield code="b">ReCAP</subfield><subfield code="c">rcppa: RECAP</subfield><subfield code="e">false</subfield></datafield><datafield tag="852" ind1="0" ind2=" "><subfield code="b">eastasian</subfield><subfield code="c">cjk</subfield><subfield code="h">CT203.C5</subfield><subfield code="i">M56</subfield><subfield code="8">22607780890006421</subfield></datafield><datafield tag="866" ind1=" " ind2="0"><subfield code="a">No. 475 (2015)-no. 546 (2017) ; 2018 no. 1-2024 no. 12</subfield><subfield code="8">22607780890006421</subfield></datafield><datafield tag="866" ind1=" " ind2="0"><subfield code="z">CURRENT ISSUES IN: East Asian Library (Gest)</subfield><subfield code="8">22607780890006421</subfield></datafield><datafield tag="952" ind1=" " ind2=" "><subfield code="d">2025-10-28 18:41:52</subfield><subfield code="8">22607780890006421</subfield><subfield code="a">2021-07-13 00:08:38</subfield><subfield code="b">East Asian Library</subfield><subfield code="c">cjk: East Asian Library</subfield><subfield code="e">false</subfield></datafield><datafield tag="876" ind1=" " ind2=" "><subfield code="0">22607780890006421</subfield><subfield code="j">1</subfield><subfield code="z">cjk</subfield><subfield code="p">32101114086844</subfield><subfield code="a">23987789660006421</subfield><subfield code="3">2023 no. 1-6 </subfield><subfield code="d">2023-07-10 13:41:44 US/Eastern</subfield><subfield code="q">2023-11-09 14:59:54 US/Eastern</subfield><subfield code="y">eastasian</subfield></datafield><datafield tag="876" ind1=" " ind2=" "><subfield code="0">22607780890006421</subfield><subfield code="j">1</subfield><subfield code="z">cjk</subfield><subfield code="p">32101108317700</subfield><subfield code="t">1</subfield><subfield code="a">23607780720006421</subfield><subfield code="3">2019 no. 7-12</subfield><subfield code="d">2021-02-18 19:00:00 US/Eastern</subfield><subfield code="q">2021-02-19 05:59:00 US/Eastern</subfield><subfield code="y">eastasian</subfield></datafield><datafield tag="876" ind1=" " ind2=" "><subfield code="0">22607780890006421</subfield><subfield code="j">1</subfield><subfield code="z">cjk</subfield><subfield code="p">32101108317718</subfield><subfield code="t">1</subfield><subfield code="a">23607780730006421</subfield><subfield code="3">2018 no. 7-12</subfield><subfield code="d">2021-02-18 19:00:00 US/Eastern</subfield><subfield code="q">2021-02-19 05:59:00 US/Eastern</subfield><subfield code="y">eastasian</subfield></datafield><datafield tag="876" ind1=" " ind2=" "><subfield code="0">22607780890006421</subfield><subfield code="j">1</subfield><subfield code="z">cjk</subfield><subfield code="p">32101108317726</subfield><subfield code="t">1</subfield><subfield code="a">23607780740006421</subfield><subfield code="3">2018 no. 1-6</subfield><subfield code="d">2021-02-18 19:00:00 US/Eastern</subfield><subfield code="q">2021-02-19 05:59:00 US/Eastern</subfield><subfield code="y">eastasian</subfield></datafield><datafield tag="876" ind1=" " ind2=" "><subfield code="0">22607780890006421</subfield><subfield code="j">1</subfield><subfield code="z">cjk</subfield><subfield code="p">32101099726075</subfield><subfield code="t">1</subfield><subfield code="a">23607780750006421</subfield><subfield code="3">no.487-492 2015</subfield><subfield code="d">2016-07-14 20:00:00 US/Eastern</subfield><subfield code="q">2016-07-15 06:59:00 US/Eastern</subfield><subfield code="y">eastasian</subfield></datafield><datafield tag="876" ind1=" " ind2=" "><subfield code="0">22607780890006421</subfield><subfield code="j">1</subfield><subfield code="z">cjk</subfield><subfield code="p">32101099724807</subfield><subfield code="t">1</subfield><subfield code="a">23607780760006421</subfield><subfield code="3">no.499-504 2016</subfield><subfield code="d">2016-06-22 20:00:00 US/Eastern</subfield><subfield code="q">2016-06-23 06:59:00 US/Eastern</subfield><subfield code="y">eastasian</subfield></datafield><datafield tag="876" ind1=" " ind2=" "><subfield code="0">22607780890006421</subfield><subfield code="j">1</subfield><subfield code="z">cjk</subfield><subfield code="p">32101095360663</subfield><subfield code="t">1</subfield><subfield code="a">23607780770006421</subfield><subfield code="3">no.481-486 2015</subfield><subfield code="d">2016-01-13 19:00:00 US/Eastern</subfield><subfield code="q">2016-01-14 05:59:00 US/Eastern</subfield><subfield code="y">eastasian</subfield></datafield><datafield tag="876" ind1=" " ind2=" "><subfield code="0">22607780890006421</subfield><subfield code="j">1</subfield><subfield code="z">cjk</subfield><subfield code="p">32101117976157</subfield><subfield code="a">23966756080006421</subfield><subfield code="3">2022 no. 7-12 </subfield><subfield code="d">2023-03-28 14:37:59 US/Eastern</subfield><subfield code="q">2023-03-28 14:38:13 US/Eastern</subfield><subfield code="y">eastasian</subfield></datafield><datafield tag="876" ind1=" " ind2=" "><subfield code="0">22607780610006421</subfield><subfield code="j">1</subfield><subfield code="z">pa</subfield><subfield code="p">32101081927202</subfield><subfield code="t">1</subfield><subfield code="a">23607780540006421</subfield><subfield code="3">no.115-120 1996</subfield><subfield code="d">2000-06-12 20:00:00 US/Eastern</subfield><subfield code="q">2000-06-13 06:59:00 US/Eastern</subfield><subfield code="y">recap</subfield></datafield><datafield tag="876" ind1=" " ind2=" "><subfield code="0">22607780610006421</subfield><subfield code="j">1</subfield><subfield code="z">pa</subfield><subfield code="p">32101081927194</subfield><subfield code="t">1</subfield><subfield code="a">23607780560006421</subfield><subfield code="3">no.109-114 1995</subfield><subfield code="d">2000-06-12 20:00:00 US/Eastern</subfield><subfield code="q">2000-06-13 06:59:00 US/Eastern</subfield><subfield code="y">recap</subfield></datafield><datafield tag="876" ind1=" " ind2=" "><subfield code="0">22607780610006421</subfield><subfield code="j">1</subfield><subfield code="z">pa</subfield><subfield code="p">32101081927210</subfield><subfield code="t">1</subfield><subfield code="a">23607780530006421</subfield><subfield code="3">no.121-126 1996</subfield><subfield code="d">2000-06-12 20:00:00 US/Eastern</subfield><subfield code="q">2000-06-13 06:59:00 US/Eastern</subfield><subfield code="y">recap</subfield></datafield><datafield tag="876" ind1=" " ind2=" "><subfield code="0">22607780610006421</subfield><subfield code="j">1</subfield><subfield code="z">pa</subfield><subfield code="p">32101081927186</subfield><subfield code="t">1</subfield><subfield code="a">23607780570006421</subfield><subfield code="3">no.103-108 1995</subfield><subfield code="d">2000-06-12 20:00:00 US/Eastern</subfield><subfield code="q">2000-06-13 06:59:00 US/Eastern</subfield><subfield code="y">recap</subfield></datafield><datafield tag="876" ind1=" " ind2=" "><subfield code="0">22607780610006421</subfield><subfield code="j">1</subfield><subfield code="z">pa</subfield><subfield code="p">32101081927236</subfield><subfield code="t">1</subfield><subfield code="a">23607780510006421</subfield><subfield code="3">no.133-138 1997</subfield><subfield code="d">2000-06-12 20:00:00 US/Eastern</subfield><subfield code="q">2000-06-13 06:59:00 US/Eastern</subfield><subfield code="y">recap</subfield></datafield><datafield tag="876" ind1=" " ind2=" "><subfield code="0">22607780610006421</subfield><subfield code="j">1</subfield><subfield code="z">pa</subfield><subfield code="p">32101075340644</subfield><subfield code="t">1</subfield><subfield code="a">23607780340006421</subfield><subfield code="3">no.323-330 2008</subfield><subfield code="d">2009-12-01 19:00:00 US/Eastern</subfield><subfield code="q">2009-12-02 05:59:00 US/Eastern</subfield><subfield code="y">recap</subfield></datafield><datafield tag="876" ind1=" " ind2=" "><subfield code="0">22607780610006421</subfield><subfield code="j">1</subfield><subfield code="z">pa</subfield><subfield code="p">32101072391673</subfield><subfield code="t">1</subfield><subfield code="a">23607780350006421</subfield><subfield code="3">no.315-322 &amp; suppl. 2008</subfield><subfield code="d">2009-07-01 20:00:00 US/Eastern</subfield><subfield code="q">2009-07-02 06:59:00 US/Eastern</subfield><subfield code="y">recap</subfield></datafield><datafield tag="876" ind1=" " ind2=" "><subfield code="0">22607780610006421</subfield><subfield code="j">1</subfield><subfield code="z">pa</subfield><subfield code="p">32101081927228</subfield><subfield code="t">1</subfield><subfield code="a">23607780520006421</subfield><subfield code="3">no.127-132 1997</subfield><subfield code="d">2000-06-12 20:00:00 US/Eastern</subfield><subfield code="q">2000-06-13 06:59:00 US/Eastern</subfield><subfield code="y">recap</subfield></datafield><datafield tag="876" ind1=" " ind2=" "><subfield code="0">22607780610006421</subfield><subfield code="j">1</subfield><subfield code="z">pa</subfield><subfield code="p">32101081927244</subfield><subfield code="t">1</subfield><subfield code="a">23607780500006421</subfield><subfield code="3">no.139-144 1998</subfield><subfield code="d">2000-06-12 20:00:00 US/Eastern</subfield><subfield code="q">2000-06-13 06:59:00 US/Eastern</subfield><subfield code="y">recap</subfield></datafield><datafield tag="876" ind1=" " ind2=" "><subfield code="0">22607780890006421</subfield><subfield code="j">1</subfield><subfield code="z">cjk</subfield><subfield code="a">231082356240006421</subfield><subfield code="3">2025, no. 1-4 </subfield><subfield code="d">2025-08-06 16:22:24 US/Eastern</subfield><subfield code="q">2025-08-06 16:22:24 US/Eastern</subfield><subfield code="y">eastasian</subfield></datafield><datafield tag="876" ind1=" " ind2=" "><subfield code="0">22607780610006421</subfield><subfield code="j">1</subfield><subfield code="z">pa</subfield><subfield code="p">32101063685166</subfield><subfield code="t">1</subfield><subfield code="a">23607780150006421</subfield><subfield code="3">no.299-306 2007</subfield><subfield code="d">2008-07-27 20:00:00 US/Eastern</subfield><subfield code="q">2008-07-28 14:33:42 US/Eastern</subfield><subfield code="y">recap</subfield></datafield><datafield tag="876" ind1=" " ind2=" "><subfield code="0">22607780610006421</subfield><subfield code="j">1</subfield><subfield code="z">pa</subfield><subfield code="p">32101063685158</subfield><subfield code="t">1</subfield><subfield code="a">23607780180006421</subfield><subfield code="3">no.291-298 2007</subfield><subfield code="d">2008-07-27 20:00:00 US/Eastern</subfield><subfield code="q">2008-07-28 14:34:08 US/Eastern</subfield><subfield code="y">recap</subfield></datafield><datafield tag="876" ind1=" " ind2=" "><subfield code="0">22607780610006421</subfield><subfield code="j">1</subfield><subfield code="z">pa</subfield><subfield code="p">32101063685141</subfield><subfield code="t">1</subfield><subfield code="a">23607780190006421</subfield><subfield code="3">no.283-290 2007</subfield><subfield code="d">2008-07-27 20:00:00 US/Eastern</subfield><subfield code="q">2008-07-28 14:32:10 US/Eastern</subfield><subfield code="y">recap</subfield></datafield><datafield tag="876" ind1=" " ind2=" "><subfield code="0">22607780610006421</subfield><subfield code="j">1</subfield><subfield code="z">pa</subfield><subfield code="p">32101056635426</subfield><subfield code="t">1</subfield><subfield code="a">23607780380006421</subfield><subfield code="3">no.227-234 2004</subfield><subfield code="d">2005-11-30 19:00:00 US/Eastern</subfield><subfield code="q">2005-12-01 05:59:00 US/Eastern</subfield><subfield code="y">recap</subfield></datafield><datafield tag="876" ind1=" " ind2=" "><subfield code="0">22607780610006421</subfield><subfield code="j">1</subfield><subfield code="z">pa</subfield><subfield code="p">32101077675666</subfield><subfield code="t">1</subfield><subfield code="a">23607780300006421</subfield><subfield code="3">no.371-378 2010</subfield><subfield code="d">2011-08-18 20:00:00 US/Eastern</subfield><subfield code="q">2011-08-19 06:59:00 US/Eastern</subfield><subfield code="y">recap</subfield></datafield><datafield tag="876" ind1=" " ind2=" "><subfield code="0">22607780610006421</subfield><subfield code="j">1</subfield><subfield code="z">pa</subfield><subfield code="p">32101078225511</subfield><subfield code="t">1</subfield><subfield code="a">23607780310006421</subfield><subfield code="3">no.363-370 2010</subfield><subfield code="d">2011-02-10 19:00:00 US/Eastern</subfield><subfield code="q">2011-02-11 05:59:00 US/Eastern</subfield><subfield code="y">recap</subfield></datafield><datafield tag="876" ind1=" " ind2=" "><subfield code="0">22607780610006421</subfield><subfield code="j">1</subfield><subfield code="z">pa</subfield><subfield code="p">32101059146850</subfield><subfield code="t">1</subfield><subfield code="a">23607780370006421</subfield><subfield code="3">no.251-258 2005</subfield><subfield code="d">2006-04-09 20:00:00 US/Eastern</subfield><subfield code="q">2006-04-10 06:59:00 US/Eastern</subfield><subfield code="y">recap</subfield></datafield><datafield tag="876" ind1=" " ind2=" "><subfield code="0">22607780610006421</subfield><subfield code="j">1</subfield><subfield code="z">pa</subfield><subfield code="p">32101056635418</subfield><subfield code="t">1</subfield><subfield code="a">23607780390006421</subfield><subfield code="3">no.219-226 2004</subfield><subfield code="d">2005-11-30 19:00:00 US/Eastern</subfield><subfield code="q">2005-12-01 05:59:00 US/Eastern</subfield><subfield code="y">recap</subfield></datafield><datafield tag="876" ind1=" " ind2=" "><subfield code="0">22607780610006421</subfield><subfield code="j">1</subfield><subfield code="z">pa</subfield><subfield code="p">32101063089260</subfield><subfield code="t">1</subfield><subfield code="a">23607780360006421</subfield><subfield code="3">no.275-282 2006</subfield><subfield code="d">2007-12-20 19:00:00 US/Eastern</subfield><subfield code="q">2007-12-21 05:59:00 US/Eastern</subfield><subfield code="y">recap</subfield></datafield><datafield tag="876" ind1=" " ind2=" "><subfield code="0">22607780610006421</subfield><subfield code="j">1</subfield><subfield code="z">pa</subfield><subfield code="p">32101076571759</subfield><subfield code="t">1</subfield><subfield code="a">23607780320006421</subfield><subfield code="3">no.347-354 2009</subfield><subfield code="d">2010-04-27 20:00:00 US/Eastern</subfield><subfield code="q">2010-04-28 06:59:00 US/Eastern</subfield><subfield code="y">recap</subfield></datafield><datafield tag="876" ind1=" " ind2=" "><subfield code="0">22607780610006421</subfield><subfield code="j">1</subfield><subfield code="z">pa</subfield><subfield code="p">32101076571775</subfield><subfield code="t">1</subfield><subfield code="a">23607780330006421</subfield><subfield code="3">no.339-346 2009</subfield><subfield code="d">2010-04-27 20:00:00 US/Eastern</subfield><subfield code="q">2010-04-28 06:59:00 US/Eastern</subfield><subfield code="y">recap</subfield></datafield><datafield tag="876" ind1=" " ind2=" "><subfield code="0">22607780610006421</subfield><subfield code="j">1</subfield><subfield code="z">pa</subfield><subfield code="p">32101081927145</subfield><subfield code="t">1</subfield><subfield code="a">23607780100006421</subfield><subfield code="3">no.79-84 1993</subfield><subfield code="d">2012-01-30 19:00:00 US/Eastern</subfield><subfield code="q">2012-01-31 05:59:00 US/Eastern</subfield><subfield code="y">recap</subfield></datafield><datafield tag="876" ind1=" " ind2=" "><subfield code="0">22607780610006421</subfield><subfield code="j">1</subfield><subfield code="z">pa</subfield><subfield code="p">32101082946912</subfield><subfield code="t">1</subfield><subfield code="a">23607799830006421</subfield><subfield code="3">no.395-402 2011</subfield><subfield code="d">2012-10-22 20:00:00 US/Eastern</subfield><subfield code="q">2012-10-23 06:59:00 US/Eastern</subfield><subfield code="y">recap</subfield></datafield><datafield tag="876" ind1=" " ind2=" "><subfield code="0">22607780610006421</subfield><subfield code="j">1</subfield><subfield code="z">pa</subfield><subfield code="p">32101088500739</subfield><subfield code="t">1</subfield><subfield code="a">23607799740006421</subfield><subfield code="3">no.419-426 2012</subfield><subfield code="d">2013-08-07 20:00:00 US/Eastern</subfield><subfield code="q">2013-08-08 06:59:00 US/Eastern</subfield><subfield code="y">recap</subfield></datafield><datafield tag="876" ind1=" " ind2=" "><subfield code="0">22607780610006421</subfield><subfield code="j">1</subfield><subfield code="z">pa</subfield><subfield code="p">32101081189308</subfield><subfield code="t">1</subfield><subfield code="a">23607799670006421</subfield><subfield code="3">no.457-462 2014</subfield><subfield code="d">2014-10-28 20:00:00 US/Eastern</subfield><subfield code="q">2014-10-29 06:59:00 US/Eastern</subfield><subfield code="y">recap</subfield></datafield><datafield tag="876" ind1=" " ind2=" "><subfield code="0">22607780610006421</subfield><subfield code="j">1</subfield><subfield code="z">pa</subfield><subfield code="p">32101078975255</subfield><subfield code="t">1</subfield><subfield code="a">23607780120006421</subfield><subfield code="3">no.355-362 2010</subfield><subfield code="d">2010-10-07 20:00:00 US/Eastern</subfield><subfield code="q">2010-10-08 06:59:00 US/Eastern</subfield><subfield code="y">recap</subfield></datafield><datafield tag="876" ind1=" " ind2=" "><subfield code="0">22607780610006421</subfield><subfield code="j">1</subfield><subfield code="z">pa</subfield><subfield code="p">32101081927129</subfield><subfield code="t">1</subfield><subfield code="a">23607799760006421</subfield><subfield code="3">no.67-72 1992</subfield><subfield code="d">2012-01-30 19:00:00 US/Eastern</subfield><subfield code="q">2012-01-31 05:59:00 US/Eastern</subfield><subfield code="y">recap</subfield></datafield><datafield tag="876" ind1=" " ind2=" "><subfield code="0">22607780610006421</subfield><subfield code="j">1</subfield><subfield code="z">pa</subfield><subfield code="p">32101081183699</subfield><subfield code="t">1</subfield><subfield code="a">23607799720006421</subfield><subfield code="3">no.451-456 2014</subfield><subfield code="d">2014-08-03 20:00:00 US/Eastern</subfield><subfield code="q">2014-08-04 06:59:00 US/Eastern</subfield><subfield code="y">recap</subfield></datafield><datafield tag="876" ind1=" " ind2=" "><subfield code="0">22607780890006421</subfield><subfield code="j">1</subfield><subfield code="z">cjk</subfield><subfield code="p">32101115428078</subfield><subfield code="a">231037038310006421</subfield><subfield code="3">2024 no. 1-6 </subfield><subfield code="d">2024-12-06 14:27:39 US/Eastern</subfield><subfield code="q">2024-12-06 14:27:56 US/Eastern</subfield><subfield code="y">eastasian</subfield></datafield><datafield tag="876" ind1=" " ind2=" "><subfield code="0">22607780610006421</subfield><subfield code="j">1</subfield><subfield code="z">pa</subfield><subfield code="p">32101081927038</subfield><subfield code="t">1</subfield><subfield code="a">23607780050006421</subfield><subfield code="3">no.7-12 1986</subfield><subfield code="d">2012-01-30 19:00:00 US/Eastern</subfield><subfield code="q">2012-01-31 05:59:00 US/Eastern</subfield><subfield code="y">recap</subfield></datafield><datafield tag="876" ind1=" " ind2=" "><subfield code="0">22607780890006421</subfield><subfield code="j">1</subfield><subfield code="z">cjk</subfield><subfield code="p">32101114064742</subfield><subfield code="a">231091525770006421</subfield><subfield code="3">2024 no. 7-12 </subfield><subfield code="d">2025-10-28 14:42:19 US/Eastern</subfield><subfield code="q">2025-10-28 14:42:34 US/Eastern</subfield><subfield code="y">eastasian</subfield></datafield><datafield tag="876" ind1=" " ind2=" "><subfield code="0">22607780610006421</subfield><subfield code="j">1</subfield><subfield code="z">pa</subfield><subfield code="p">32101088503287</subfield><subfield code="t">1</subfield><subfield code="a">23607799810006421</subfield><subfield code="3">no.411-418 2012</subfield><subfield code="d">2013-08-14 20:00:00 US/Eastern</subfield><subfield code="q">2013-08-15 06:59:00 US/Eastern</subfield><subfield code="y">recap</subfield></datafield><datafield tag="876" ind1=" " ind2=" "><subfield code="0">22607780610006421</subfield><subfield code="j">1</subfield><subfield code="z">pa</subfield><subfield code="p">32101081927053</subfield><subfield code="t">1</subfield><subfield code="a">23607780030006421</subfield><subfield code="3">no.19-30 1988</subfield><subfield code="d">2012-01-30 19:00:00 US/Eastern</subfield><subfield code="q">2012-01-31 05:59:00 US/Eastern</subfield><subfield code="y">recap</subfield></datafield><datafield tag="876" ind1=" " ind2=" "><subfield code="0">22607780610006421</subfield><subfield code="j">1</subfield><subfield code="z">pa</subfield><subfield code="p">32101075343499</subfield><subfield code="t">1</subfield><subfield code="a">23607780070006421</subfield><subfield code="3">no.331-338 2009</subfield><subfield code="d">2010-01-07 19:00:00 US/Eastern</subfield><subfield code="q">2010-01-08 05:59:00 US/Eastern</subfield><subfield code="y">recap</subfield></datafield><datafield tag="876" ind1=" " ind2=" "><subfield code="0">22607780610006421</subfield><subfield code="j">1</subfield><subfield code="z">pa</subfield><subfield code="p">32101081927079</subfield><subfield code="t">1</subfield><subfield code="a">23607780010006421</subfield><subfield code="3">no.37-42 1989</subfield><subfield code="d">2012-01-30 19:00:00 US/Eastern</subfield><subfield code="q">2012-01-31 05:59:00 US/Eastern</subfield><subfield code="y">recap</subfield></datafield><datafield tag="876" ind1=" " ind2=" "><subfield code="0">22607780610006421</subfield><subfield code="j">1</subfield><subfield code="z">pa</subfield><subfield code="p">32101081927152</subfield><subfield code="t">1</subfield><subfield code="a">23607780600006421</subfield><subfield code="3">no.85-90 1993</subfield><subfield code="d">2000-06-12 20:00:00 US/Eastern</subfield><subfield code="q">2000-06-13 06:59:00 US/Eastern</subfield><subfield code="y">recap</subfield></datafield><datafield tag="876" ind1=" " ind2=" "><subfield code="0">22607780890006421</subfield><subfield code="j">1</subfield><subfield code="z">cjk</subfield><subfield code="p">32101117976041</subfield><subfield code="a">23951330240006421</subfield><subfield code="3">2022 no. 1-6 </subfield><subfield code="d">2022-11-11 13:00:33 US/Eastern</subfield><subfield code="q">2023-03-28 14:37:06 US/Eastern</subfield><subfield code="y">eastasian</subfield></datafield><datafield tag="876" ind1=" " ind2=" "><subfield code="0">22607780890006421</subfield><subfield code="j">1</subfield><subfield code="z">cjk</subfield><subfield code="p">32101110233408</subfield><subfield code="a">23951330280006421</subfield><subfield code="3">2021 no. 7-12 </subfield><subfield code="d">2022-11-11 12:59:06 US/Eastern</subfield><subfield code="q">2022-11-11 12:59:34 US/Eastern</subfield><subfield code="y">eastasian</subfield></datafield><datafield tag="876" ind1=" " ind2=" "><subfield code="0">22607780610006421</subfield><subfield code="j">1</subfield><subfield code="z">pa</subfield><subfield code="p">32101081427229</subfield><subfield code="t">1</subfield><subfield code="a">23607799700006421</subfield><subfield code="3">no.469-474 2014</subfield><subfield code="d">2015-05-25 20:00:00 US/Eastern</subfield><subfield code="q">2015-05-26 06:59:00 US/Eastern</subfield><subfield code="y">recap</subfield></datafield><datafield tag="876" ind1=" " ind2=" "><subfield code="0">22607780890006421</subfield><subfield code="j">1</subfield><subfield code="z">cjk</subfield><subfield code="p">32101108317692</subfield><subfield code="t">1</subfield><subfield code="a">23607780710006421</subfield><subfield code="3">2020 no. 1-6</subfield><subfield code="d">2021-02-18 19:00:00 US/Eastern</subfield><subfield code="q">2021-02-19 05:59:00 US/Eastern</subfield><subfield code="y">eastasian</subfield></datafield><datafield tag="876" ind1=" " ind2=" "><subfield code="0">22607780610006421</subfield><subfield code="j">1</subfield><subfield code="z">pa</subfield><subfield code="p">32101081927160</subfield><subfield code="t">1</subfield><subfield code="a">23607799690006421</subfield><subfield code="3">no.91-96 1994</subfield><subfield code="d">2012-01-30 19:00:00 US/Eastern</subfield><subfield code="q">2012-01-31 05:59:00 US/Eastern</subfield><subfield code="y">recap</subfield></datafield><datafield tag="876" ind1=" " ind2=" "><subfield code="0">22607780890006421</subfield><subfield code="j">1</subfield><subfield code="z">cjk</subfield><subfield code="p">32101104918550</subfield><subfield code="t">1</subfield><subfield code="a">23607780670006421</subfield><subfield code="3">no.523-528 2017</subfield><subfield code="d">2018-04-16 20:00:00 US/Eastern</subfield><subfield code="q">2018-04-17 06:59:00 US/Eastern</subfield><subfield code="y">eastasian</subfield></datafield><datafield tag="876" ind1=" " ind2=" "><subfield code="0">22607780890006421</subfield><subfield code="j">1</subfield><subfield code="z">cjk</subfield><subfield code="p">32101104918543</subfield><subfield code="t">1</subfield><subfield code="a">23607780660006421</subfield><subfield code="3">no.529-534 2017</subfield><subfield code="d">2018-04-16 20:00:00 US/Eastern</subfield><subfield code="q">2018-04-17 06:59:00 US/Eastern</subfield><subfield code="y">eastasian</subfield></datafield><datafield tag="876" ind1=" " ind2=" "><subfield code="0">22607780890006421</subfield><subfield code="j">1</subfield><subfield code="z">cjk</subfield><subfield code="p">32101104918568</subfield><subfield code="t">1</subfield><subfield code="a">23607780680006421</subfield><subfield code="3">no.517-522 2016</subfield><subfield code="d">2018-04-16 20:00:00 US/Eastern</subfield><subfield code="q">2018-04-17 06:59:00 US/Eastern</subfield><subfield code="y">eastasian</subfield></datafield><datafield tag="876" ind1=" " ind2=" "><subfield code="0">22607780610006421</subfield><subfield code="j">1</subfield><subfield code="z">pa</subfield><subfield code="p">32101081927251</subfield><subfield code="t">1</subfield><subfield code="a">23607780490006421</subfield><subfield code="3">no.145-150 1998</subfield><subfield code="d">2000-06-12 20:00:00 US/Eastern</subfield><subfield code="q">2000-06-13 06:59:00 US/Eastern</subfield><subfield code="y">recap</subfield></datafield><datafield tag="876" ind1=" " ind2=" "><subfield code="0">22607780610006421</subfield><subfield code="j">1</subfield><subfield code="z">pa</subfield><subfield code="p">32101046248678</subfield><subfield code="t">1</subfield><subfield code="a">23607780470006421</subfield><subfield code="3">no.187-192 2002</subfield><subfield code="d">2002-12-12 19:00:00 US/Eastern</subfield><subfield code="q">2002-12-13 05:59:00 US/Eastern</subfield><subfield code="y">recap</subfield></datafield><datafield tag="876" ind1=" " ind2=" "><subfield code="0">22607780610006421</subfield><subfield code="j">1</subfield><subfield code="z">pa</subfield><subfield code="p">32101046235931</subfield><subfield code="t">1</subfield><subfield code="a">23607780480006421</subfield><subfield code="3">no.181-186 2001</subfield><subfield code="d">2002-10-06 20:00:00 US/Eastern</subfield><subfield code="q">2002-10-07 06:59:00 US/Eastern</subfield><subfield code="y">recap</subfield></datafield><datafield tag="876" ind1=" " ind2=" "><subfield code="0">22607780890006421</subfield><subfield code="j">1</subfield><subfield code="z">cjk</subfield><subfield code="p">32101099722173</subfield><subfield code="t">1</subfield><subfield code="a">23607780630006421</subfield><subfield code="3">no.475-480 2015</subfield><subfield code="d">2016-06-01 20:00:00 US/Eastern</subfield><subfield code="q">2016-06-02 06:59:00 US/Eastern</subfield><subfield code="y">eastasian</subfield></datafield><datafield tag="876" ind1=" " ind2=" "><subfield code="0">22607780890006421</subfield><subfield code="j">1</subfield><subfield code="z">cjk</subfield><subfield code="p">32101104918527</subfield><subfield code="t">1</subfield><subfield code="a">23607780640006421</subfield><subfield code="3">no.541-546 2017</subfield><subfield code="d">2018-04-16 20:00:00 US/Eastern</subfield><subfield code="q">2018-04-17 06:59:00 US/Eastern</subfield><subfield code="y">eastasian</subfield></datafield><datafield tag="876" ind1=" " ind2=" "><subfield code="0">22607780890006421</subfield><subfield code="j">1</subfield><subfield code="z">cjk</subfield><subfield code="p">32101110233416</subfield><subfield code="a">23951330290006421</subfield><subfield code="3">2021 no. 1-6 </subfield><subfield code="d">2022-11-11 12:58:18 US/Eastern</subfield><subfield code="q">2022-11-11 12:58:32 US/Eastern</subfield><subfield code="y">eastasian</subfield></datafield><datafield tag="876" ind1=" " ind2=" "><subfield code="0">22607780890006421</subfield><subfield code="j">1</subfield><subfield code="z">cjk</subfield><subfield code="p">32101104918535</subfield><subfield code="t">1</subfield><subfield code="a">23607780650006421</subfield><subfield code="3">no.535-540 2017</subfield><subfield code="d">2018-04-16 20:00:00 US/Eastern</subfield><subfield code="q">2018-04-17 06:59:00 US/Eastern</subfield><subfield code="y">eastasian</subfield></datafield><datafield tag="876" ind1=" " ind2=" "><subfield code="0">22607780890006421</subfield><subfield code="j">1</subfield><subfield code="z">cjk</subfield><subfield code="p">32101104918576</subfield><subfield code="t">1</subfield><subfield code="a">23607780690006421</subfield><subfield code="3">no.511-516 2016</subfield><subfield code="d">2018-04-16 20:00:00 US/Eastern</subfield><subfield code="q">2018-04-17 06:59:00 US/Eastern</subfield><subfield code="y">eastasian</subfield></datafield><datafield tag="876" ind1=" " ind2=" "><subfield code="0">22607780890006421</subfield><subfield code="j">1</subfield><subfield code="z">cjk</subfield><subfield code="p">32101099722165</subfield><subfield code="t">1</subfield><subfield code="a">23607780620006421</subfield><subfield code="3">no.493-498 2015</subfield><subfield code="d">2016-06-01 20:00:00 US/Eastern</subfield><subfield code="q">2016-06-02 06:59:00 US/Eastern</subfield><subfield code="y">eastasian</subfield></datafield><datafield tag="876" ind1=" " ind2=" "><subfield code="0">22607780610006421</subfield><subfield code="j">1</subfield><subfield code="z">pa</subfield><subfield code="p">32101081927095</subfield><subfield code="t">1</subfield><subfield code="a">23607780090006421</subfield><subfield code="3">no.49-[54] 1990</subfield><subfield code="d">2012-01-30 19:00:00 US/Eastern</subfield><subfield code="q">2012-01-31 05:59:00 US/Eastern</subfield><subfield code="y">recap</subfield></datafield><datafield tag="876" ind1=" " ind2=" "><subfield code="0">22607780610006421</subfield><subfield code="j">1</subfield><subfield code="z">pa</subfield><subfield code="p">32101081927269</subfield><subfield code="t">1</subfield><subfield code="a">23607780260006421</subfield><subfield code="3">no.151-162 1999</subfield><subfield code="d">2001-01-03 19:00:00 US/Eastern</subfield><subfield code="q">2001-01-04 05:59:00 US/Eastern</subfield><subfield code="y">recap</subfield></datafield><datafield tag="876" ind1=" " ind2=" "><subfield code="0">22607780610006421</subfield><subfield code="j">1</subfield><subfield code="z">pa</subfield><subfield code="p">32101050111598</subfield><subfield code="t">1</subfield><subfield code="a">23607780430006421</subfield><subfield code="3">no.199-204 2003</subfield><subfield code="d">2003-10-20 20:00:00 US/Eastern</subfield><subfield code="q">2003-10-21 06:59:00 US/Eastern</subfield><subfield code="y">recap</subfield></datafield><datafield tag="876" ind1=" " ind2=" "><subfield code="0">22607780610006421</subfield><subfield code="j">1</subfield><subfield code="z">pa</subfield><subfield code="p">32101081927103</subfield><subfield code="t">1</subfield><subfield code="a">23607780080006421</subfield><subfield code="3">no.55-60 1991</subfield><subfield code="d">2012-01-30 19:00:00 US/Eastern</subfield><subfield code="q">2012-01-31 05:59:00 US/Eastern</subfield><subfield code="y">recap</subfield></datafield><datafield tag="876" ind1=" " ind2=" "><subfield code="0">22607780610006421</subfield><subfield code="j">1</subfield><subfield code="z">pa</subfield><subfield code="p">32101056635392</subfield><subfield code="t">1</subfield><subfield code="a">23607780410006421</subfield><subfield code="3">no.205-210 2003</subfield><subfield code="d">2005-11-30 19:00:00 US/Eastern</subfield><subfield code="q">2005-12-01 05:59:00 US/Eastern</subfield><subfield code="y">recap</subfield></datafield><datafield tag="876" ind1=" " ind2=" "><subfield code="0">22607780890006421</subfield><subfield code="j">1</subfield><subfield code="z">cjk</subfield><subfield code="p">32101115420232</subfield><subfield code="a">23998618870006421</subfield><subfield code="3">2023 no. 7-12 </subfield><subfield code="d">2023-11-09 15:00:39 US/Eastern</subfield><subfield code="q">2024-05-29 13:58:34 US/Eastern</subfield><subfield code="y">eastasian</subfield></datafield><datafield tag="876" ind1=" " ind2=" "><subfield code="0">22607780610006421</subfield><subfield code="j">1</subfield><subfield code="z">pa</subfield><subfield code="p">32101056635400</subfield><subfield code="t">1</subfield><subfield code="a">23607780400006421</subfield><subfield code="3">no.211-218 2004</subfield><subfield code="d">2005-11-30 19:00:00 US/Eastern</subfield><subfield code="q">2005-12-01 05:59:00 US/Eastern</subfield><subfield code="y">recap</subfield></datafield><datafield tag="876" ind1=" " ind2=" "><subfield code="0">22607780610006421</subfield><subfield code="j">1</subfield><subfield code="z">pa</subfield><subfield code="p">32101056463860</subfield><subfield code="t">1</subfield><subfield code="a">23607780420006421</subfield><subfield code="3">no.235-242 2005</subfield><subfield code="d">2005-09-18 20:00:00 US/Eastern</subfield><subfield code="q">2005-09-19 06:59:00 US/Eastern</subfield><subfield code="y">recap</subfield></datafield><datafield tag="876" ind1=" " ind2=" "><subfield code="0">22607780610006421</subfield><subfield code="j">1</subfield><subfield code="z">pa</subfield><subfield code="p">32101050110103</subfield><subfield code="t">1</subfield><subfield code="a">23607780440006421</subfield><subfield code="3">no.193-198 2002</subfield><subfield code="d">2003-10-12 20:00:00 US/Eastern</subfield><subfield code="q">2003-10-13 06:59:00 US/Eastern</subfield><subfield code="y">recap</subfield></datafield><datafield tag="876" ind1=" " ind2=" "><subfield code="0">22607780610006421</subfield><subfield code="j">1</subfield><subfield code="z">pa</subfield><subfield code="p">32101075479897</subfield><subfield code="t">1</subfield><subfield code="a">23607780290006421</subfield><subfield code="3">no.379-386 2011</subfield><subfield code="d">2011-10-10 20:00:00 US/Eastern</subfield><subfield code="q">2011-10-11 06:59:00 US/Eastern</subfield><subfield code="y">recap</subfield></datafield><datafield tag="876" ind1=" " ind2=" "><subfield code="0">22607780610006421</subfield><subfield code="j">1</subfield><subfield code="z">pa</subfield><subfield code="p">32101081927285</subfield><subfield code="t">1</subfield><subfield code="a">23607780230006421</subfield><subfield code="3">no.175-180 2001</subfield><subfield code="d">2001-12-18 19:00:00 US/Eastern</subfield><subfield code="q">2001-12-19 05:59:00 US/Eastern</subfield><subfield code="y">recap</subfield></datafield><datafield tag="876" ind1=" " ind2=" "><subfield code="0">22607780610006421</subfield><subfield code="j">1</subfield><subfield code="z">pa</subfield><subfield code="p">32101060516646</subfield><subfield code="t">1</subfield><subfield code="a">23607780210006421</subfield><subfield code="3">no.259-266 2006</subfield><subfield code="d">2007-03-22 20:00:00 US/Eastern</subfield><subfield code="q">2007-03-23 06:59:00 US/Eastern</subfield><subfield code="y">recap</subfield></datafield><datafield tag="876" ind1=" " ind2=" "><subfield code="0">22607780610006421</subfield><subfield code="j">1</subfield><subfield code="z">pa</subfield><subfield code="p">32101056639881</subfield><subfield code="t">1</subfield><subfield code="a">23607780220006421</subfield><subfield code="3">no.243-250 2005</subfield><subfield code="d">2006-02-20 19:00:00 US/Eastern</subfield><subfield code="q">2006-02-21 05:59:00 US/Eastern</subfield><subfield code="y">recap</subfield></datafield><datafield tag="876" ind1=" " ind2=" "><subfield code="0">22607780610006421</subfield><subfield code="j">1</subfield><subfield code="z">pa</subfield><subfield code="p">32101081927277</subfield><subfield code="t">1</subfield><subfield code="a">23607780240006421</subfield><subfield code="3">no.163-174 2000</subfield><subfield code="d">2001-11-04 19:00:00 US/Eastern</subfield><subfield code="q">2001-11-05 05:59:00 US/Eastern</subfield><subfield code="y">recap</subfield></datafield><datafield tag="876" ind1=" " ind2=" "><subfield code="0">22607780610006421</subfield><subfield code="j">1</subfield><subfield code="z">pa</subfield><subfield code="p">32101081927061</subfield><subfield code="t">1</subfield><subfield code="a">23607780020006421</subfield><subfield code="3">no.31-36 1989</subfield><subfield code="d">2012-01-30 19:00:00 US/Eastern</subfield><subfield code="q">2012-01-31 05:59:00 US/Eastern</subfield><subfield code="y">recap</subfield></datafield><datafield tag="876" ind1=" " ind2=" "><subfield code="0">22607780610006421</subfield><subfield code="j">1</subfield><subfield code="z">pa</subfield><subfield code="p">32101088500721</subfield><subfield code="t">1</subfield><subfield code="a">23607799750006421</subfield><subfield code="3">no.403-410 2012</subfield><subfield code="d">2013-08-07 20:00:00 US/Eastern</subfield><subfield code="q">2013-08-08 06:59:00 US/Eastern</subfield><subfield code="y">recap</subfield></datafield><datafield tag="876" ind1=" " ind2=" "><subfield code="0">22607780890006421</subfield><subfield code="j">1</subfield><subfield code="z">cjk</subfield><subfield code="a">231100160720006421</subfield><subfield code="3">2025 no. 4-6 </subfield><subfield code="d">2026-01-13 14:42:35 US/Eastern</subfield><subfield code="q">2026-01-13 14:42:35 US/Eastern</subfield><subfield code="y">eastasian</subfield></datafield><datafield tag="876" ind1=" " ind2=" "><subfield code="0">22607780610006421</subfield><subfield code="j">1</subfield><subfield code="z">pa</subfield><subfield code="p">32101060520671</subfield><subfield code="t">1</subfield><subfield code="a">23607780200006421</subfield><subfield code="3">no.267-274 2006</subfield><subfield code="d">2007-05-14 20:00:00 US/Eastern</subfield><subfield code="q">2007-05-15 06:59:00 US/Eastern</subfield><subfield code="y">recap</subfield></datafield><datafield tag="876" ind1=" " ind2=" "><subfield code="0">22607780610006421</subfield><subfield code="j">1</subfield><subfield code="z">pa</subfield><subfield code="p">32101081927178</subfield><subfield code="t">1</subfield><subfield code="a">23607799680006421</subfield><subfield code="3">no.97-102 1994</subfield><subfield code="d">2012-01-30 19:00:00 US/Eastern</subfield><subfield code="q">2012-01-31 05:59:00 US/Eastern</subfield><subfield code="y">recap</subfield></datafield><datafield tag="876" ind1=" " ind2=" "><subfield code="0">22607780610006421</subfield><subfield code="j">1</subfield><subfield code="z">pa</subfield><subfield code="p">32101086658596</subfield><subfield code="t">1</subfield><subfield code="a">23607799730006421</subfield><subfield code="3">no.443-450 2013</subfield><subfield code="d">2014-06-02 20:00:00 US/Eastern</subfield><subfield code="q">2014-06-03 06:59:00 US/Eastern</subfield><subfield code="y">recap</subfield></datafield><datafield tag="876" ind1=" " ind2=" "><subfield code="0">22607780610006421</subfield><subfield code="j">1</subfield><subfield code="z">pa</subfield><subfield code="p">32101093196960</subfield><subfield code="t">1</subfield><subfield code="a">23607799770006421</subfield><subfield code="3">no.435-442 2013</subfield><subfield code="d">2014-02-24 19:00:00 US/Eastern</subfield><subfield code="q">2014-02-25 05:59:00 US/Eastern</subfield><subfield code="y">recap</subfield></datafield><datafield tag="876" ind1=" " ind2=" "><subfield code="0">22607780610006421</subfield><subfield code="j">1</subfield><subfield code="z">pa</subfield><subfield code="p">32101081927111</subfield><subfield code="t">1</subfield><subfield code="a">23607780110006421</subfield><subfield code="3">no.61-66 1991</subfield><subfield code="d">2012-01-30 19:00:00 US/Eastern</subfield><subfield code="q">2012-01-31 05:59:00 US/Eastern</subfield><subfield code="y">recap</subfield></datafield><datafield tag="876" ind1=" " ind2=" "><subfield code="0">22607780610006421</subfield><subfield code="j">1</subfield><subfield code="z">pa</subfield><subfield code="p">32101072940453</subfield><subfield code="t">1</subfield><subfield code="a">23607780130006421</subfield><subfield code="3">no.307-314 2008</subfield><subfield code="d">2009-03-11 20:00:00 US/Eastern</subfield><subfield code="q">2009-03-12 06:59:00 US/Eastern</subfield><subfield code="y">recap</subfield></datafield><datafield tag="876" ind1=" " ind2=" "><subfield code="0">22607780610006421</subfield><subfield code="j">1</subfield><subfield code="z">pa</subfield><subfield code="p">32101066179126</subfield><subfield code="t">1</subfield><subfield code="a">23607799710006421</subfield><subfield code="3">no.463-468 2014</subfield><subfield code="d">2015-01-22 19:00:00 US/Eastern</subfield><subfield code="q">2015-01-23 05:59:00 US/Eastern</subfield><subfield code="y">recap</subfield></datafield><datafield tag="876" ind1=" " ind2=" "><subfield code="0">22607780610006421</subfield><subfield code="j">1</subfield><subfield code="z">pa</subfield><subfield code="p">32101081927137</subfield><subfield code="t">1</subfield><subfield code="a">23607799950006421</subfield><subfield code="3">no.73-78 1992</subfield><subfield code="d">2012-01-30 19:00:00 US/Eastern</subfield><subfield code="q">2012-01-31 05:59:00 US/Eastern</subfield><subfield code="y">recap</subfield></datafield><datafield tag="876" ind1=" " ind2=" "><subfield code="0">22607780610006421</subfield><subfield code="j">1</subfield><subfield code="z">pa</subfield><subfield code="p">32101081927020</subfield><subfield code="t">1</subfield><subfield code="a">23607780060006421</subfield><subfield code="3">no.1-6 1985</subfield><subfield code="d">2012-01-30 19:00:00 US/Eastern</subfield><subfield code="q">2012-01-31 05:59:00 US/Eastern</subfield><subfield code="y">recap</subfield></datafield><datafield tag="876" ind1=" " ind2=" "><subfield code="0">22607780610006421</subfield><subfield code="j">1</subfield><subfield code="z">pa</subfield><subfield code="p">32101088507999</subfield><subfield code="t">1</subfield><subfield code="a">23607799790006421</subfield><subfield code="3">no.427-434 2013</subfield><subfield code="d">2013-09-03 20:00:00 US/Eastern</subfield><subfield code="q">2013-09-04 06:59:00 US/Eastern</subfield><subfield code="y">recap</subfield></datafield><datafield tag="876" ind1=" " ind2=" "><subfield code="0">22607780610006421</subfield><subfield code="j">1</subfield><subfield code="z">pa</subfield><subfield code="p">32101081927046</subfield><subfield code="t">1</subfield><subfield code="a">23607780040006421</subfield><subfield code="3">no.13-18 1987</subfield><subfield code="d">2012-01-30 19:00:00 US/Eastern</subfield><subfield code="q">2012-01-31 05:59:00 US/Eastern</subfield><subfield code="y">recap</subfield></datafield><datafield tag="876" ind1=" " ind2=" "><subfield code="0">22607780890006421</subfield><subfield code="j">1</subfield><subfield code="z">cjk</subfield><subfield code="a">231100160650006421</subfield><subfield code="3">2025 no. 7-11 </subfield><subfield code="d">2026-01-13 14:48:55 US/Eastern</subfield><subfield code="q">2026-01-13 14:48:55 US/Eastern</subfield><subfield code="y">eastasian</subfield></datafield><datafield tag="876" ind1=" " ind2=" "><subfield code="0">22607780890006421</subfield><subfield code="j">1</subfield><subfield code="z">cjk</subfield><subfield code="p">32101110233424</subfield><subfield code="a">23951330300006421</subfield><subfield code="3">2020 no. 7-12 </subfield><subfield code="d">2022-11-11 12:57:22 US/Eastern</subfield><subfield code="q">2022-11-11 12:57:51 US/Eastern</subfield><subfield code="y">eastasian</subfield></datafield><datafield tag="876" ind1=" " ind2=" "><subfield code="0">22607780610006421</subfield><subfield code="j">1</subfield><subfield code="z">pa</subfield><subfield code="p">32101086219407</subfield><subfield code="t">1</subfield><subfield code="a">23607799880006421</subfield><subfield code="3">no.387-394 2011</subfield><subfield code="d">2012-05-24 20:00:00 US/Eastern</subfield><subfield code="q">2012-05-25 06:59:00 US/Eastern</subfield><subfield code="y">recap</subfield></datafield><datafield tag="876" ind1=" " ind2=" "><subfield code="0">22607780890006421</subfield><subfield code="j">1</subfield><subfield code="z">cjk</subfield><subfield code="p">32101110233366</subfield><subfield code="a">23951330340006421</subfield><subfield code="3">2019 no. 1-6 </subfield><subfield code="d">2022-11-11 12:55:48 US/Eastern</subfield><subfield code="q">2022-11-11 12:56:39 US/Eastern</subfield><subfield code="y">eastasian</subfield></datafield><datafield tag="876" ind1=" " ind2=" "><subfield code="0">22607780610006421</subfield><subfield code="j">1</subfield><subfield code="z">pa</subfield><subfield code="p">32101081927087</subfield><subfield code="t">1</subfield><subfield code="a">23607800000006421</subfield><subfield code="3">no.43-48 1990</subfield><subfield code="d">2012-01-30 19:00:00 US/Eastern</subfield><subfield code="q">2012-01-31 05:59:00 US/Eastern</subfield><subfield code="y">recap</subfield></datafield><datafield tag="876" ind1=" " ind2=" "><subfield code="0">22607780890006421</subfield><subfield code="j">1</subfield><subfield code="z">cjk</subfield><subfield code="p">32101104918584</subfield><subfield code="t">1</subfield><subfield code="a">23607780700006421</subfield><subfield code="3">no.505-510 2016</subfield><subfield code="d">2018-04-16 20:00:00 US/Eastern</subfield><subfield code="q">2018-04-17 06:59:00 US/Eastern</subfield><subfield code="y">eastasian</subfield></datafield></record>