<record><leader>02060cas a2200469 a 4500</leader><controlfield tag="005">20240916123612.0</controlfield><controlfield tag="008">061208c20069999cc sr p       0   e0chi d</controlfield><controlfield tag="001">9949609413506421</controlfield><datafield tag="022" ind1=" " ind2=" "><subfield code="a">1673-6176</subfield></datafield><datafield tag="035" ind1=" " ind2=" "><subfield code="a">(CStRLIN)NJPX06-S307</subfield></datafield><datafield tag="035" ind1=" " ind2=" "><subfield code="a">(NjP)4960941-princetondb</subfield></datafield><datafield tag="035" ind1=" " ind2=" "><subfield code="a">(OCoLC)ocn184837798</subfield></datafield><datafield tag="035" ind1=" " ind2=" "><subfield code="z">(NjP)Voyager4960941</subfield></datafield><datafield tag="040" ind1=" " ind2=" "><subfield code="a">NjP-G</subfield><subfield code="b">eng</subfield><subfield code="c">NjP-G</subfield></datafield><datafield tag="043" ind1=" " ind2=" "><subfield code="a">a-cc---</subfield></datafield><datafield tag="066" ind1=" " ind2=" "><subfield code="c">$1</subfield></datafield><datafield tag="090" ind1=" " ind2=" "><subfield code="a">CT203.C5</subfield><subfield code="b">H83</subfield></datafield><datafield tag="245" ind1="0" ind2="0"><subfield code="6">880-01</subfield><subfield code="a">Huan qiu ren wu =</subfield><subfield code="b">Global people.</subfield></datafield><datafield tag="880" ind1="0" ind2="0"><subfield code="6">245-01/$1</subfield><subfield code="a">环球人物 =</subfield><subfield code="b">Global people.</subfield></datafield><datafield tag="246" ind1="3" ind2="1"><subfield code="a">Global people</subfield></datafield><datafield tag="260" ind1=" " ind2=" "><subfield code="6">880-02</subfield><subfield code="a">Beijing :</subfield><subfield code="b">"Huan qiu ren wu" za zhi she,</subfield><subfield code="c">2006-</subfield></datafield><datafield tag="880" ind1=" " ind2=" "><subfield code="6">260-02/$1</subfield><subfield code="a">北京 :</subfield><subfield code="b">《环球人物》杂志社,</subfield><subfield code="c">2006-</subfield></datafield><datafield tag="300" ind1=" " ind2=" "><subfield code="a">v. :</subfield><subfield code="b">ill. ;</subfield><subfield code="c">27 cm.</subfield></datafield><datafield tag="310" ind1=" " ind2=" "><subfield code="a">Semimonthly,</subfield><subfield code="b">2016-</subfield></datafield><datafield tag="321" ind1=" " ind2=" "><subfield code="a">Three times a monthly,</subfield><subfield code="b">2008-2015</subfield></datafield><datafield tag="321" ind1=" " ind2=" "><subfield code="a">Monthly,</subfield><subfield code="b">2006-2007</subfield></datafield><datafield tag="362" ind1="0" ind2=" "><subfield code="6">880-03</subfield><subfield code="a">Chuang kan hao (2006. 3)-</subfield></datafield><datafield tag="880" ind1="0" ind2=" "><subfield code="6">362-03/$1</subfield><subfield code="a">创刊号 (2006. 3)-</subfield></datafield><datafield tag="500" ind1=" " ind2=" "><subfield code="a">Title from cover.</subfield></datafield><datafield tag="583" ind1="1" ind2=" "><subfield code="a">Committed to retain</subfield><subfield code="d">in perpetuity</subfield><subfield code="f">ReCAP</subfield><subfield code="f">Chinese Serials Collaborative Collection</subfield><subfield code="5">[MH, NjP, NN, or NNC]</subfield><subfield code="u">http://arks.princeton.edu/ark:/88435/dcxg94j1575</subfield></datafield><datafield tag="550" ind1=" " ind2=" "><subfield code="6">880-04</subfield><subfield code="a">Sponsored by: Ren min ri bao she.</subfield></datafield><datafield tag="880" ind1=" " ind2=" "><subfield code="6">550-04/$1</subfield><subfield code="a">Sponsored by: 人民日报社.</subfield></datafield><datafield tag="650" ind1=" " ind2="0"><subfield code="a">Biography</subfield><subfield code="v">Periodicals.</subfield></datafield><datafield tag="651" ind1=" " ind2="0"><subfield code="a">China</subfield><subfield code="v">Biography</subfield><subfield code="v">Periodicals.</subfield></datafield><datafield tag="655" ind1=" " ind2="7"><subfield code="a">Periodicals.</subfield><subfield code="2">lcgft</subfield><subfield code="0">http://id.loc.gov/authorities/genreForms/gf2014026139</subfield></datafield><datafield tag="710" ind1="2" ind2=" "><subfield code="6">880-05</subfield><subfield code="a">Ren min ri bao she.</subfield><subfield code="0">http://id.loc.gov/authorities/names/n79010019</subfield></datafield><datafield tag="880" ind1="2" ind2=" "><subfield code="6">710-05/$1</subfield><subfield code="a">人民日报社.</subfield></datafield><datafield tag="780" ind1="0" ind2="0"><subfield code="6">880-06</subfield><subfield code="t">Shi dai chao</subfield><subfield code="x">1004-535X</subfield></datafield><datafield tag="880" ind1="0" ind2="0"><subfield code="6">780-06/$1</subfield><subfield code="t">时代潮</subfield><subfield code="x">1004-535X</subfield></datafield><datafield tag="852" ind1="0" ind2=" "><subfield code="a">East Asian Library, Princeton University</subfield><subfield code="b">c</subfield><subfield code="h">CT203.C5</subfield><subfield code="i">H83</subfield><subfield code="x">CIN=csw; OID=sml</subfield></datafield><datafield tag="902" ind1=" " ind2=" "><subfield code="a">eal</subfield><subfield code="e">20061208</subfield></datafield><datafield tag="914" ind1=" " ind2=" "><subfield code="a">(OCoLC)ocn184837798</subfield><subfield code="b">OCoLC</subfield><subfield code="c">match</subfield><subfield code="d">20221117</subfield><subfield code="e">processed</subfield><subfield code="f">184837798</subfield></datafield><datafield tag="950" ind1=" " ind2=" "><subfield code="c">2026-02-27 04:15:52 US/Eastern</subfield><subfield code="b">2021-07-13 00:40:37 US/Eastern</subfield><subfield code="a">false</subfield></datafield><datafield tag="852" ind1="0" ind2=" "><subfield code="b">eastasian</subfield><subfield code="c">cjk</subfield><subfield code="h">CT203.C5</subfield><subfield code="i">H83</subfield><subfield code="8">22657360520006421</subfield></datafield><datafield tag="866" ind1=" " ind2="0"><subfield code="a">No. 306 (2016)-no. 363 (2017) ; 2018 no. 1-2025 no. 8</subfield><subfield code="8">22657360520006421</subfield></datafield><datafield tag="866" ind1=" " ind2="0"><subfield code="z">CURRENT ISSUES IN: East Asian Library (Gest)</subfield><subfield code="8">22657360520006421</subfield></datafield><datafield tag="952" ind1=" " ind2=" "><subfield code="d">2026-03-04 15:54:09</subfield><subfield code="8">22657360520006421</subfield><subfield code="a">2021-07-13 04:40:37</subfield><subfield code="b">East Asian Library</subfield><subfield code="c">cjk: East Asian Library</subfield><subfield code="e">false</subfield></datafield><datafield tag="852" ind1="0" ind2=" "><subfield code="b">recap</subfield><subfield code="c">pa</subfield><subfield code="h">CT203.C5</subfield><subfield code="i">H83</subfield><subfield code="8">22657360050006421</subfield></datafield><datafield tag="866" ind1=" " ind2="0"><subfield code="a">No. 1 (2006)-no. 305 (2015)</subfield><subfield code="8">22657360050006421</subfield></datafield><datafield tag="952" ind1=" " ind2=" "><subfield code="d">2024-05-16 19:14:25</subfield><subfield code="8">22657360050006421</subfield><subfield code="a">2021-07-13 04:40:37</subfield><subfield code="b">ReCAP</subfield><subfield code="c">rcppa: RECAP</subfield><subfield code="e">false</subfield></datafield><datafield tag="876" ind1=" " ind2=" "><subfield code="0">22657360050006421</subfield><subfield code="j">1</subfield><subfield code="z">pa</subfield><subfield code="p">32101066176106</subfield><subfield code="t">1</subfield><subfield code="a">23657379620006421</subfield><subfield code="3">no.238-245 2014</subfield><subfield code="d">2014-12-14 19:00:00 US/Eastern</subfield><subfield code="q">2014-12-15 05:59:00 US/Eastern</subfield><subfield code="y">recap</subfield></datafield><datafield tag="876" ind1=" " ind2=" "><subfield code="0">22657360050006421</subfield><subfield code="j">1</subfield><subfield code="z">pa</subfield><subfield code="p">32101066176445</subfield><subfield code="t">1</subfield><subfield code="a">23657379630006421</subfield><subfield code="3">no.230-237 2013</subfield><subfield code="d">2014-12-14 19:00:00 US/Eastern</subfield><subfield code="q">2014-12-15 05:59:00 US/Eastern</subfield><subfield code="y">recap</subfield></datafield><datafield tag="876" ind1=" " ind2=" "><subfield code="0">22657360050006421</subfield><subfield code="j">1</subfield><subfield code="z">pa</subfield><subfield code="p">32101081420679</subfield><subfield code="t">1</subfield><subfield code="a">23657379610006421</subfield><subfield code="3">no.246-254 2014</subfield><subfield code="d">2015-03-22 20:00:00 US/Eastern</subfield><subfield code="q">2015-03-23 06:59:00 US/Eastern</subfield><subfield code="y">recap</subfield></datafield><datafield tag="876" ind1=" " ind2=" "><subfield code="0">22657360050006421</subfield><subfield code="j">1</subfield><subfield code="z">pa</subfield><subfield code="p">32101085633335</subfield><subfield code="t">1</subfield><subfield code="a">23657379640006421</subfield><subfield code="3">no.221-229 2013</subfield><subfield code="d">2014-06-03 20:00:00 US/Eastern</subfield><subfield code="q">2014-06-04 06:59:00 US/Eastern</subfield><subfield code="y">recap</subfield></datafield><datafield tag="876" ind1=" " ind2=" "><subfield code="0">22657360050006421</subfield><subfield code="j">1</subfield><subfield code="z">pa</subfield><subfield code="p">32101093242590</subfield><subfield code="t">1</subfield><subfield code="a">23657379650006421</subfield><subfield code="3">no.212-220 2013</subfield><subfield code="d">2014-03-12 20:00:00 US/Eastern</subfield><subfield code="q">2014-03-13 06:59:00 US/Eastern</subfield><subfield code="y">recap</subfield></datafield><datafield tag="876" ind1=" " ind2=" "><subfield code="0">22657360050006421</subfield><subfield code="j">1</subfield><subfield code="z">pa</subfield><subfield code="p">32101095219653</subfield><subfield code="t">1</subfield><subfield code="a">23657379830006421</subfield><subfield code="3">no.289-297 2015</subfield><subfield code="d">2017-02-02 19:00:00 US/Eastern</subfield><subfield code="q">2017-02-03 05:59:00 US/Eastern</subfield><subfield code="y">recap</subfield></datafield><datafield tag="876" ind1=" " ind2=" "><subfield code="0">22657360050006421</subfield><subfield code="j">1</subfield><subfield code="z">pa</subfield><subfield code="p">32101095219596</subfield><subfield code="t">1</subfield><subfield code="a">23657379820006421</subfield><subfield code="3">no.298-305 2015</subfield><subfield code="d">2017-02-02 19:00:00 US/Eastern</subfield><subfield code="q">2017-02-03 05:59:00 US/Eastern</subfield><subfield code="y">recap</subfield></datafield><datafield tag="876" ind1=" " ind2=" "><subfield code="0">22657360520006421</subfield><subfield code="j">1</subfield><subfield code="z">cjk</subfield><subfield code="p">32101115481796</subfield><subfield code="a">231002398640006421</subfield><subfield code="3">2023 no. 1-8 </subfield><subfield code="d">2023-11-29 14:09:49 US/Eastern</subfield><subfield code="q">2024-02-08 11:07:54 US/Eastern</subfield><subfield code="y">eastasian</subfield></datafield><datafield tag="876" ind1=" " ind2=" "><subfield code="0">22657360050006421</subfield><subfield code="j">1</subfield><subfield code="z">pa</subfield><subfield code="p">32101090103316</subfield><subfield code="t">1</subfield><subfield code="a">23657379680006421</subfield><subfield code="3">no.187-195 2012</subfield><subfield code="d">2013-08-04 20:00:00 US/Eastern</subfield><subfield code="q">2013-08-05 06:59:00 US/Eastern</subfield><subfield code="y">recap</subfield></datafield><datafield tag="876" ind1=" " ind2=" "><subfield code="0">22657360050006421</subfield><subfield code="j">1</subfield><subfield code="z">pa</subfield><subfield code="p">32101090103308</subfield><subfield code="t">1</subfield><subfield code="a">23657379690006421</subfield><subfield code="3">no.178-186 2012</subfield><subfield code="d">2013-08-04 20:00:00 US/Eastern</subfield><subfield code="q">2013-08-05 06:59:00 US/Eastern</subfield><subfield code="y">recap</subfield></datafield><datafield tag="876" ind1=" " ind2=" "><subfield code="0">22657360050006421</subfield><subfield code="j">1</subfield><subfield code="z">pa</subfield><subfield code="p">32101090103324</subfield><subfield code="t">1</subfield><subfield code="a">23657379670006421</subfield><subfield code="3">no.196-203 2012</subfield><subfield code="d">2013-08-04 20:00:00 US/Eastern</subfield><subfield code="q">2013-08-05 06:59:00 US/Eastern</subfield><subfield code="y">recap</subfield></datafield><datafield tag="876" ind1=" " ind2=" "><subfield code="0">22657360050006421</subfield><subfield code="j">1</subfield><subfield code="z">pa</subfield><subfield code="p">32101093521456</subfield><subfield code="t">1</subfield><subfield code="a">23657379660006421</subfield><subfield code="3">no.204-211 2013</subfield><subfield code="d">2013-12-17 19:00:00 US/Eastern</subfield><subfield code="q">2013-12-18 05:59:00 US/Eastern</subfield><subfield code="y">recap</subfield></datafield><datafield tag="876" ind1=" " ind2=" "><subfield code="0">22657360050006421</subfield><subfield code="j">1</subfield><subfield code="z">pa</subfield><subfield code="p">32101086735667</subfield><subfield code="t">1</subfield><subfield code="a">23657379600006421</subfield><subfield code="3">no.255-263 2014</subfield><subfield code="d">2015-11-09 19:00:00 US/Eastern</subfield><subfield code="q">2015-11-10 05:59:00 US/Eastern</subfield><subfield code="y">recap</subfield></datafield><datafield tag="876" ind1=" " ind2=" "><subfield code="0">22657360520006421</subfield><subfield code="j">0</subfield><subfield code="x">WORK_ORDER_DEPARTMENT</subfield><subfield code="z">cjk</subfield><subfield code="p">32101114066523</subfield><subfield code="a">231103849900006421</subfield><subfield code="3">2024 no. 17-24 </subfield><subfield code="d">2026-02-24 12:51:57 US/Eastern</subfield><subfield code="q">2026-02-24 12:52:12 US/Eastern</subfield><subfield code="y">eastasian</subfield></datafield><datafield tag="876" ind1=" " ind2=" "><subfield code="0">22657360520006421</subfield><subfield code="j">0</subfield><subfield code="x">WORK_ORDER_DEPARTMENT</subfield><subfield code="z">cjk</subfield><subfield code="p">32101114066515</subfield><subfield code="a">231103849910006421</subfield><subfield code="3">2025 no. 1-8 </subfield><subfield code="d">2026-02-24 12:50:05 US/Eastern</subfield><subfield code="q">2026-02-24 12:50:46 US/Eastern</subfield><subfield code="y">eastasian</subfield></datafield><datafield tag="876" ind1=" " ind2=" "><subfield code="0">22657360520006421</subfield><subfield code="j">1</subfield><subfield code="z">cjk</subfield><subfield code="p">32101117977874</subfield><subfield code="a">23971540610006421</subfield><subfield code="3">2021 no. 9-16 </subfield><subfield code="d">2023-05-09 11:45:00 US/Eastern</subfield><subfield code="q">2023-05-09 11:45:45 US/Eastern</subfield><subfield code="y">eastasian</subfield></datafield><datafield tag="876" ind1=" " ind2=" "><subfield code="0">22657360520006421</subfield><subfield code="j">1</subfield><subfield code="z">cjk</subfield><subfield code="p">32101117977866</subfield><subfield code="a">23971540600006421</subfield><subfield code="3">2021 no. 17-24 </subfield><subfield code="d">2023-05-09 11:47:03 US/Eastern</subfield><subfield code="q">2023-05-09 11:47:21 US/Eastern</subfield><subfield code="y">eastasian</subfield></datafield><datafield tag="876" ind1=" " ind2=" "><subfield code="0">22657360520006421</subfield><subfield code="j">1</subfield><subfield code="z">cjk</subfield><subfield code="p">32101114064437</subfield><subfield code="a">231090553280006421</subfield><subfield code="3">2024 no. 9-16 </subfield><subfield code="d">2024-12-19 19:00:00 US/Eastern</subfield><subfield code="q">2025-10-14 14:23:26 US/Eastern</subfield><subfield code="y">eastasian</subfield></datafield><datafield tag="876" ind1=" " ind2=" "><subfield code="0">22657360520006421</subfield><subfield code="j">1</subfield><subfield code="z">cjk</subfield><subfield code="p">32101108679448</subfield><subfield code="a">23919057980006421</subfield><subfield code="3">2021 no. 1-8 </subfield><subfield code="d">2022-03-08 15:25:22 US/Eastern</subfield><subfield code="q">2022-03-08 15:26:06 US/Eastern</subfield><subfield code="y">eastasian</subfield></datafield><datafield tag="876" ind1=" " ind2=" "><subfield code="0">22657360050006421</subfield><subfield code="j">1</subfield><subfield code="z">pa</subfield><subfield code="p">32101078229687</subfield><subfield code="t">1</subfield><subfield code="a">23657379890006421</subfield><subfield code="3">no.93-101 2009</subfield><subfield code="d">2011-03-01 19:00:00 US/Eastern</subfield><subfield code="q">2011-03-02 05:59:00 US/Eastern</subfield><subfield code="y">recap</subfield></datafield><datafield tag="876" ind1=" " ind2=" "><subfield code="0">22657360520006421</subfield><subfield code="j">1</subfield><subfield code="z">cjk</subfield><subfield code="p">32101100125739</subfield><subfield code="t">1</subfield><subfield code="a">23657360140006421</subfield><subfield code="3">no.356-363 2017</subfield><subfield code="d">2018-07-19 20:00:00 US/Eastern</subfield><subfield code="q">2018-07-20 06:59:00 US/Eastern</subfield><subfield code="y">eastasian</subfield></datafield><datafield tag="876" ind1=" " ind2=" "><subfield code="0">22657360520006421</subfield><subfield code="j">1</subfield><subfield code="z">cjk</subfield><subfield code="p">32101115484972</subfield><subfield code="a">231007323740006421</subfield><subfield code="3">2023 no. 9-16 </subfield><subfield code="d">2024-02-08 11:08:30 US/Eastern</subfield><subfield code="q">2024-03-13 12:24:34 US/Eastern</subfield><subfield code="y">eastasian</subfield></datafield><datafield tag="876" ind1=" " ind2=" "><subfield code="0">22657360520006421</subfield><subfield code="j">1</subfield><subfield code="z">cjk</subfield><subfield code="p">32101108315316</subfield><subfield code="t">1</subfield><subfield code="a">23657360070006421</subfield><subfield code="3">2019 no. 9-16</subfield><subfield code="d">2020-12-09 19:00:00 US/Eastern</subfield><subfield code="q">2020-12-10 05:59:00 US/Eastern</subfield><subfield code="y">eastasian</subfield></datafield><datafield tag="876" ind1=" " ind2=" "><subfield code="0">22657360520006421</subfield><subfield code="j">1</subfield><subfield code="z">cjk</subfield><subfield code="p">32101108315340</subfield><subfield code="t">1</subfield><subfield code="a">23657360120006421</subfield><subfield code="3">2018 no. 9-16</subfield><subfield code="d">2020-12-09 19:00:00 US/Eastern</subfield><subfield code="q">2020-12-10 05:59:00 US/Eastern</subfield><subfield code="y">eastasian</subfield></datafield><datafield tag="876" ind1=" " ind2=" "><subfield code="0">22657360520006421</subfield><subfield code="j">1</subfield><subfield code="z">cjk</subfield><subfield code="p">32101100125630</subfield><subfield code="t">1</subfield><subfield code="a">23657360160006421</subfield><subfield code="3">no.340-347 2017</subfield><subfield code="d">2018-07-19 20:00:00 US/Eastern</subfield><subfield code="q">2018-07-20 06:59:00 US/Eastern</subfield><subfield code="y">eastasian</subfield></datafield><datafield tag="876" ind1=" " ind2=" "><subfield code="0">22657360520006421</subfield><subfield code="j">1</subfield><subfield code="z">cjk</subfield><subfield code="p">32101108315324</subfield><subfield code="t">1</subfield><subfield code="a">23657360100006421</subfield><subfield code="3">2019 no. 1-8</subfield><subfield code="d">2020-12-09 19:00:00 US/Eastern</subfield><subfield code="q">2020-12-10 15:27:29 US/Eastern</subfield><subfield code="y">eastasian</subfield></datafield><datafield tag="876" ind1=" " ind2=" "><subfield code="0">22657360520006421</subfield><subfield code="j">1</subfield><subfield code="z">cjk</subfield><subfield code="p">32101097886772</subfield><subfield code="t">1</subfield><subfield code="a">23657360180006421</subfield><subfield code="3">no.317-328 2016</subfield><subfield code="d">2017-05-03 20:00:00 US/Eastern</subfield><subfield code="q">2017-05-04 06:59:00 US/Eastern</subfield><subfield code="y">eastasian</subfield></datafield><datafield tag="876" ind1=" " ind2=" "><subfield code="0">22657360050006421</subfield><subfield code="j">1</subfield><subfield code="z">pa</subfield><subfield code="p">32101086032511</subfield><subfield code="t">1</subfield><subfield code="a">23657380000006421</subfield><subfield code="3">no.162-169 2011</subfield><subfield code="d">2012-08-20 20:00:00 US/Eastern</subfield><subfield code="q">2012-08-21 06:59:00 US/Eastern</subfield><subfield code="y">recap</subfield></datafield><datafield tag="876" ind1=" " ind2=" "><subfield code="0">22657360520006421</subfield><subfield code="j">1</subfield><subfield code="z">cjk</subfield><subfield code="p">32101115424390</subfield><subfield code="a">231013350210006421</subfield><subfield code="3">2023 no. 17-24 </subfield><subfield code="d">2024-03-13 12:37:32 US/Eastern</subfield><subfield code="q">2024-08-01 14:49:02 US/Eastern</subfield><subfield code="y">eastasian</subfield></datafield><datafield tag="876" ind1=" " ind2=" "><subfield code="0">22657360050006421</subfield><subfield code="j">1</subfield><subfield code="z">pa</subfield><subfield code="p">32101082785898</subfield><subfield code="t">1</subfield><subfield code="a">23657379710006421</subfield><subfield code="3">no.114-124 2010</subfield><subfield code="d">2011-05-26 20:00:00 US/Eastern</subfield><subfield code="q">2011-05-27 06:59:00 US/Eastern</subfield><subfield code="y">recap</subfield></datafield><datafield tag="876" ind1=" " ind2=" "><subfield code="0">22657360050006421</subfield><subfield code="j">1</subfield><subfield code="z">pa</subfield><subfield code="p">32101090103290</subfield><subfield code="t">1</subfield><subfield code="a">23657379700006421</subfield><subfield code="3">no.170-177 2012</subfield><subfield code="d">2013-08-04 20:00:00 US/Eastern</subfield><subfield code="q">2013-08-05 06:59:00 US/Eastern</subfield><subfield code="y">recap</subfield></datafield><datafield tag="876" ind1=" " ind2=" "><subfield code="0">22657360050006421</subfield><subfield code="j">1</subfield><subfield code="z">pa</subfield><subfield code="p">32101072392978</subfield><subfield code="t">1</subfield><subfield code="a">23657379720006421</subfield><subfield code="3">no.45-56 2008</subfield><subfield code="d">2009-07-14 20:00:00 US/Eastern</subfield><subfield code="q">2009-07-15 06:59:00 US/Eastern</subfield><subfield code="y">recap</subfield></datafield><datafield tag="876" ind1=" " ind2=" "><subfield code="0">22657360050006421</subfield><subfield code="j">1</subfield><subfield code="z">pa</subfield><subfield code="p">32101072392960</subfield><subfield code="t">1</subfield><subfield code="a">23657379730006421</subfield><subfield code="3">no.33-44 2008</subfield><subfield code="d">2009-07-14 20:00:00 US/Eastern</subfield><subfield code="q">2009-07-15 06:59:00 US/Eastern</subfield><subfield code="y">recap</subfield></datafield><datafield tag="876" ind1=" " ind2=" "><subfield code="0">22657360520006421</subfield><subfield code="j">1</subfield><subfield code="z">cjk</subfield><subfield code="p">32101115429365</subfield><subfield code="a">231038010080006421</subfield><subfield code="3">2024 no. 1-8 </subfield><subfield code="d">2024-12-20 11:41:15 US/Eastern</subfield><subfield code="q">2024-12-20 11:41:29 US/Eastern</subfield><subfield code="y">eastasian</subfield></datafield><datafield tag="876" ind1=" " ind2=" "><subfield code="0">22657360050006421</subfield><subfield code="j">1</subfield><subfield code="z">pa</subfield><subfield code="p">32101078229679</subfield><subfield code="t">1</subfield><subfield code="a">23657379900006421</subfield><subfield code="3">no.85-92 2009</subfield><subfield code="d">2011-03-01 19:00:00 US/Eastern</subfield><subfield code="q">2011-03-02 05:59:00 US/Eastern</subfield><subfield code="y">recap</subfield></datafield><datafield tag="876" ind1=" " ind2=" "><subfield code="0">22657360050006421</subfield><subfield code="j">1</subfield><subfield code="z">pa</subfield><subfield code="p">32101076574522</subfield><subfield code="t">1</subfield><subfield code="a">23657379920006421</subfield><subfield code="3">no.69-84 2009</subfield><subfield code="d">2010-05-04 20:00:00 US/Eastern</subfield><subfield code="q">2010-05-05 06:59:00 US/Eastern</subfield><subfield code="y">recap</subfield></datafield><datafield tag="876" ind1=" " ind2=" "><subfield code="0">22657360050006421</subfield><subfield code="j">1</subfield><subfield code="z">pa</subfield><subfield code="p">32101086032503</subfield><subfield code="t">1</subfield><subfield code="a">23657360010006421</subfield><subfield code="3">no.153-161 2011</subfield><subfield code="d">2012-08-20 20:00:00 US/Eastern</subfield><subfield code="q">2012-08-21 06:59:00 US/Eastern</subfield><subfield code="y">recap</subfield></datafield><datafield tag="876" ind1=" " ind2=" "><subfield code="0">22657360050006421</subfield><subfield code="j">1</subfield><subfield code="z">pa</subfield><subfield code="p">32101086032495</subfield><subfield code="t">1</subfield><subfield code="a">23657360020006421</subfield><subfield code="3">no.144-152 2011</subfield><subfield code="d">2012-08-20 20:00:00 US/Eastern</subfield><subfield code="q">2012-08-21 06:59:00 US/Eastern</subfield><subfield code="y">recap</subfield></datafield><datafield tag="876" ind1=" " ind2=" "><subfield code="0">22657360050006421</subfield><subfield code="j">1</subfield><subfield code="z">pa</subfield><subfield code="p">32101086032487</subfield><subfield code="t">1</subfield><subfield code="a">23657360030006421</subfield><subfield code="3">no.136-143 2011</subfield><subfield code="d">2012-08-20 20:00:00 US/Eastern</subfield><subfield code="q">2012-08-21 06:59:00 US/Eastern</subfield><subfield code="y">recap</subfield></datafield><datafield tag="876" ind1=" " ind2=" "><subfield code="0">22657360050006421</subfield><subfield code="j">1</subfield><subfield code="z">pa</subfield><subfield code="p">32101063685232</subfield><subfield code="t">1</subfield><subfield code="a">23657379750006421</subfield><subfield code="3">no.21-32 2007</subfield><subfield code="d">2008-07-27 20:00:00 US/Eastern</subfield><subfield code="q">2008-07-28 06:59:00 US/Eastern</subfield><subfield code="y">recap</subfield></datafield><datafield tag="876" ind1=" " ind2=" "><subfield code="0">22657360050006421</subfield><subfield code="j">1</subfield><subfield code="z">pa</subfield><subfield code="p">32101063677619</subfield><subfield code="t">1</subfield><subfield code="a">23657379760006421</subfield><subfield code="3">no.11-20 2006</subfield><subfield code="d">2008-02-19 19:00:00 US/Eastern</subfield><subfield code="q">2008-02-20 05:59:00 US/Eastern</subfield><subfield code="y">recap</subfield></datafield><datafield tag="876" ind1=" " ind2=" "><subfield code="0">22657360520006421</subfield><subfield code="j">1</subfield><subfield code="z">cjk</subfield><subfield code="p">32101113923716</subfield><subfield code="a">23992960150006421</subfield><subfield code="3">2022 no. 17-24 </subfield><subfield code="d">2023-09-22 14:11:11 US/Eastern</subfield><subfield code="q">2023-09-22 14:11:28 US/Eastern</subfield><subfield code="y">eastasian</subfield></datafield><datafield tag="876" ind1=" " ind2=" "><subfield code="0">22657360050006421</subfield><subfield code="j">1</subfield><subfield code="z">pa</subfield><subfield code="p">32101063677601</subfield><subfield code="t">1</subfield><subfield code="a">23657379790006421</subfield><subfield code="3">no.1-10 2006</subfield><subfield code="d">2008-02-19 19:00:00 US/Eastern</subfield><subfield code="q">2008-02-20 05:59:00 US/Eastern</subfield><subfield code="y">recap</subfield></datafield><datafield tag="876" ind1=" " ind2=" "><subfield code="0">22657360050006421</subfield><subfield code="j">1</subfield><subfield code="z">pa</subfield><subfield code="p">32101086735600</subfield><subfield code="t">1</subfield><subfield code="a">23657379580006421</subfield><subfield code="3">no.272-279 2015</subfield><subfield code="d">2015-11-09 19:00:00 US/Eastern</subfield><subfield code="q">2015-11-10 05:59:00 US/Eastern</subfield><subfield code="y">recap</subfield></datafield><datafield tag="876" ind1=" " ind2=" "><subfield code="0">22657360520006421</subfield><subfield code="j">1</subfield><subfield code="z">cjk</subfield><subfield code="p">32101117977858</subfield><subfield code="a">23971540590006421</subfield><subfield code="3">2022 no. 1-8 </subfield><subfield code="d">2023-05-09 11:48:00 US/Eastern</subfield><subfield code="q">2023-05-09 11:48:13 US/Eastern</subfield><subfield code="y">eastasian</subfield></datafield><datafield tag="876" ind1=" " ind2=" "><subfield code="0">22657360050006421</subfield><subfield code="j">1</subfield><subfield code="z">pa</subfield><subfield code="p">32101086735683</subfield><subfield code="t">1</subfield><subfield code="a">23657379590006421</subfield><subfield code="3">no.264-271 2014</subfield><subfield code="d">2015-11-09 19:00:00 US/Eastern</subfield><subfield code="q">2015-11-10 05:59:00 US/Eastern</subfield><subfield code="y">recap</subfield></datafield><datafield tag="876" ind1=" " ind2=" "><subfield code="0">22657360050006421</subfield><subfield code="j">1</subfield><subfield code="z">pa</subfield><subfield code="p">32101099726216</subfield><subfield code="t">1</subfield><subfield code="a">23657379570006421</subfield><subfield code="3">no.280-288 2015</subfield><subfield code="d">2016-07-19 20:00:00 US/Eastern</subfield><subfield code="q">2016-07-20 06:59:00 US/Eastern</subfield><subfield code="y">recap</subfield></datafield><datafield tag="876" ind1=" " ind2=" "><subfield code="0">22657360520006421</subfield><subfield code="j">1</subfield><subfield code="z">cjk</subfield><subfield code="p">32101097886749</subfield><subfield code="t">1</subfield><subfield code="a">23657360190006421</subfield><subfield code="3">no.306-316 2016</subfield><subfield code="d">2017-05-03 20:00:00 US/Eastern</subfield><subfield code="q">2017-05-04 06:59:00 US/Eastern</subfield><subfield code="y">eastasian</subfield></datafield><datafield tag="876" ind1=" " ind2=" "><subfield code="0">22657360520006421</subfield><subfield code="j">1</subfield><subfield code="z">cjk</subfield><subfield code="p">32101108679455</subfield><subfield code="a">23919058030006421</subfield><subfield code="3">2020 no. 17-24 </subfield><subfield code="d">2022-03-08 15:24:09 US/Eastern</subfield><subfield code="q">2022-03-08 15:24:32 US/Eastern</subfield><subfield code="y">eastasian</subfield></datafield><datafield tag="876" ind1=" " ind2=" "><subfield code="0">22657360520006421</subfield><subfield code="j">1</subfield><subfield code="z">cjk</subfield><subfield code="p">32101113923724</subfield><subfield code="a">23955582200006421</subfield><subfield code="3">2022 no. 9-16 </subfield><subfield code="d">2023-01-06 13:00:25 US/Eastern</subfield><subfield code="q">2023-09-22 14:09:51 US/Eastern</subfield><subfield code="y">eastasian</subfield></datafield><datafield tag="876" ind1=" " ind2=" "><subfield code="0">22657360520006421</subfield><subfield code="j">1</subfield><subfield code="z">cjk</subfield><subfield code="p">32101108679463</subfield><subfield code="a">23919058100006421</subfield><subfield code="3">2020 no. 9-17 </subfield><subfield code="d">2022-03-08 15:22:26 US/Eastern</subfield><subfield code="q">2022-03-08 15:22:55 US/Eastern</subfield><subfield code="y">eastasian</subfield></datafield><datafield tag="876" ind1=" " ind2=" "><subfield code="0">22657360520006421</subfield><subfield code="j">1</subfield><subfield code="z">cjk</subfield><subfield code="p">32101108679471</subfield><subfield code="a">23919058120006421</subfield><subfield code="3">2020 no. 1-8 </subfield><subfield code="d">2022-03-08 15:21:14 US/Eastern</subfield><subfield code="q">2022-03-08 15:21:33 US/Eastern</subfield><subfield code="y">eastasian</subfield></datafield><datafield tag="876" ind1=" " ind2=" "><subfield code="0">22657360050006421</subfield><subfield code="j">1</subfield><subfield code="z">pa</subfield><subfield code="p">32101078229695</subfield><subfield code="t">1</subfield><subfield code="a">23657379880006421</subfield><subfield code="3">no.102-113 2010</subfield><subfield code="d">2011-03-01 19:00:00 US/Eastern</subfield><subfield code="q">2011-03-02 05:59:00 US/Eastern</subfield><subfield code="y">recap</subfield></datafield><datafield tag="876" ind1=" " ind2=" "><subfield code="0">22657360050006421</subfield><subfield code="j">1</subfield><subfield code="z">pa</subfield><subfield code="p">32101076574506</subfield><subfield code="t">1</subfield><subfield code="a">23657379950006421</subfield><subfield code="3">no.57-68 2008</subfield><subfield code="d">2010-05-04 20:00:00 US/Eastern</subfield><subfield code="q">2010-05-05 06:59:00 US/Eastern</subfield><subfield code="y">recap</subfield></datafield><datafield tag="876" ind1=" " ind2=" "><subfield code="0">22657360050006421</subfield><subfield code="j">1</subfield><subfield code="z">pa</subfield><subfield code="p">32101086032479</subfield><subfield code="t">1</subfield><subfield code="a">23657360040006421</subfield><subfield code="3">no.125-135 2011</subfield><subfield code="d">2012-08-20 20:00:00 US/Eastern</subfield><subfield code="q">2012-08-21 06:59:00 US/Eastern</subfield><subfield code="y">recap</subfield></datafield><datafield tag="876" ind1=" " ind2=" "><subfield code="0">22657360520006421</subfield><subfield code="j">1</subfield><subfield code="z">cjk</subfield><subfield code="p">32101108315308</subfield><subfield code="t">1</subfield><subfield code="a">23657360060006421</subfield><subfield code="3">2019 no. 17-24</subfield><subfield code="d">2020-12-09 19:00:00 US/Eastern</subfield><subfield code="q">2020-12-10 05:59:00 US/Eastern</subfield><subfield code="y">eastasian</subfield></datafield><datafield tag="876" ind1=" " ind2=" "><subfield code="0">22657360520006421</subfield><subfield code="j">1</subfield><subfield code="z">cjk</subfield><subfield code="p">32101108315357</subfield><subfield code="t">1</subfield><subfield code="a">23657360130006421</subfield><subfield code="3">2018 no. 1-8</subfield><subfield code="d">2020-12-09 19:00:00 US/Eastern</subfield><subfield code="q">2020-12-10 05:59:00 US/Eastern</subfield><subfield code="y">eastasian</subfield></datafield><datafield tag="876" ind1=" " ind2=" "><subfield code="0">22657360520006421</subfield><subfield code="j">1</subfield><subfield code="z">cjk</subfield><subfield code="p">32101100125747</subfield><subfield code="t">1</subfield><subfield code="a">23657360150006421</subfield><subfield code="3">no.348-355 2017</subfield><subfield code="d">2018-07-19 20:00:00 US/Eastern</subfield><subfield code="q">2018-07-20 06:59:00 US/Eastern</subfield><subfield code="y">eastasian</subfield></datafield><datafield tag="876" ind1=" " ind2=" "><subfield code="0">22657360520006421</subfield><subfield code="j">1</subfield><subfield code="z">cjk</subfield><subfield code="p">32101108315332</subfield><subfield code="t">1</subfield><subfield code="a">23657360110006421</subfield><subfield code="3">2018 no. 17-24</subfield><subfield code="d">2020-12-09 19:00:00 US/Eastern</subfield><subfield code="q">2020-12-10 05:59:00 US/Eastern</subfield><subfield code="y">eastasian</subfield></datafield><datafield tag="876" ind1=" " ind2=" "><subfield code="0">22657360520006421</subfield><subfield code="j">1</subfield><subfield code="z">cjk</subfield><subfield code="p">32101100125754</subfield><subfield code="t">1</subfield><subfield code="a">23657360170006421</subfield><subfield code="3">no.329-339 2016</subfield><subfield code="d">2018-07-19 20:00:00 US/Eastern</subfield><subfield code="q">2018-07-20 06:59:00 US/Eastern</subfield><subfield code="y">eastasian</subfield></datafield><datafield tag="876" ind1=" " ind2=" "><subfield code="0">22657360520006421</subfield><subfield code="j">1</subfield><subfield code="z">cjk</subfield><subfield code="a">231095445770006421</subfield><subfield code="3">2025 no. 9-15 </subfield><subfield code="d">2025-12-12 12:33:38 US/Eastern</subfield><subfield code="q">2025-12-12 12:49:34 US/Eastern</subfield><subfield code="y">eastasian</subfield></datafield></record>