<record><leader>02040cam a2200469Ii 4500</leader><controlfield tag="005">20240606082829.0</controlfield><controlfield tag="008">190920s2020    enka     b    001 0 eng d</controlfield><controlfield tag="001">99119517123506421</controlfield><datafield tag="020" ind1=" " ind2=" "><subfield code="a">1789621720</subfield><subfield code="q">hardback</subfield></datafield><datafield tag="020" ind1=" " ind2=" "><subfield code="a">9781789621723</subfield><subfield code="q">hardback</subfield></datafield><datafield tag="035" ind1=" " ind2=" "><subfield code="9">(YDXIT)16440962</subfield></datafield><datafield tag="035" ind1=" " ind2=" "><subfield code="a">(NjP)11951712-princetondb</subfield></datafield><datafield tag="035" ind1=" " ind2=" "><subfield code="z">(NjP)Voyager11951712</subfield></datafield><datafield tag="035" ind1=" " ind2=" "><subfield code="z">(NjP)Voyager11951712</subfield></datafield><datafield tag="035" ind1=" " ind2=" "><subfield code="a">(OCoLC)on1119746794</subfield></datafield><datafield tag="040" ind1=" " ind2=" "><subfield code="a">YDX</subfield><subfield code="b">eng</subfield><subfield code="e">rda</subfield><subfield code="c">YDX</subfield><subfield code="d">BDX</subfield><subfield code="d">UKMGB</subfield><subfield code="d">OCLCO</subfield><subfield code="d">OCLCF</subfield><subfield code="d">YDXIT</subfield></datafield><datafield tag="050" ind1=" " ind2="4"><subfield code="a">PN3433.6</subfield><subfield code="b">.M55 2020</subfield></datafield><datafield tag="082" ind1="0" ind2="4"><subfield code="a">809.387620936</subfield><subfield code="2">23</subfield></datafield><datafield tag="100" ind1="1" ind2=" "><subfield code="a">Milner, Andrew,</subfield><subfield code="e">author.</subfield><subfield code="0">http://id.loc.gov/authorities/names/n81036765</subfield></datafield><datafield tag="245" ind1="1" ind2="0"><subfield code="a">Science fiction and climate change :</subfield><subfield code="b">a sociological approach /</subfield><subfield code="c">Andrew Milner and J. R. Burgmann.</subfield></datafield><datafield tag="264" ind1=" " ind2="1"><subfield code="a">Liverpool :</subfield><subfield code="b">Liverpool University Press,</subfield><subfield code="c">2020.</subfield></datafield><datafield tag="300" ind1=" " ind2=" "><subfield code="a">ix, 231 pages :</subfield><subfield code="b">illustrations (black and white) ;</subfield><subfield code="c">24 cm.</subfield></datafield><datafield tag="336" ind1=" " ind2=" "><subfield code="a">text</subfield><subfield code="2">rdacontent</subfield></datafield><datafield tag="336" ind1=" " ind2=" "><subfield code="a">still image</subfield><subfield code="2">rdacontent</subfield></datafield><datafield tag="337" ind1=" " ind2=" "><subfield code="a">unmediated</subfield><subfield code="2">rdamedia</subfield></datafield><datafield tag="338" ind1=" " ind2=" "><subfield code="a">volume</subfield><subfield code="2">rdacarrier</subfield></datafield><datafield tag="490" ind1="1" ind2=" "><subfield code="a">Liverpool science fiction texts and studies ;</subfield><subfield code="v">63</subfield></datafield><datafield tag="504" ind1=" " ind2=" "><subfield code="a">Includes bibliographical references and index.</subfield></datafield><datafield tag="650" ind1=" " ind2="0"><subfield code="a">Science fiction</subfield><subfield code="x">History and criticism.</subfield><subfield code="0">http://id.loc.gov/authorities/subjects/sh85118631</subfield></datafield><datafield tag="650" ind1=" " ind2="0"><subfield code="a">Climatic changes in literature.</subfield><subfield code="0">http://id.loc.gov/authorities/subjects/sh2011000451</subfield></datafield><datafield tag="650" ind1=" " ind2="7"><subfield code="a">Climatic changes in literature.</subfield><subfield code="2">fast</subfield><subfield code="0">(OCoLC)fst01902821</subfield></datafield><datafield tag="650" ind1=" " ind2="7"><subfield code="a">Science fiction.</subfield><subfield code="2">fast</subfield><subfield code="0">(OCoLC)fst01108566</subfield></datafield><datafield tag="655" ind1=" " ind2="7"><subfield code="a">Criticism, interpretation, etc.</subfield><subfield code="2">fast</subfield><subfield code="0">(OCoLC)fst01411635</subfield></datafield><datafield tag="700" ind1="1" ind2=" "><subfield code="a">Burgmann, J. R.,</subfield><subfield code="e">author.</subfield><subfield code="0">http://id.loc.gov/authorities/names/no2018114889</subfield></datafield><datafield tag="830" ind1=" " ind2="0"><subfield code="a">Liverpool science fiction texts and studies ;</subfield><subfield code="v">63.</subfield></datafield><datafield tag="902" ind1=" " ind2=" "><subfield code="a">kl</subfield><subfield code="b">s</subfield><subfield code="6">a</subfield><subfield code="7">m</subfield><subfield code="d">v</subfield><subfield code="f">1</subfield><subfield code="e">20200812</subfield></datafield><datafield tag="904" ind1=" " ind2=" "><subfield code="a">pad</subfield><subfield code="b">o</subfield><subfield code="h">m</subfield><subfield code="c">b</subfield><subfield code="e">20200724</subfield></datafield><datafield tag="910" ind1=" " ind2=" "><subfield code="c">G0601mon</subfield></datafield><datafield tag="914" ind1=" " ind2=" "><subfield code="a">(OCoLC)on1119746794</subfield><subfield code="b">OCoLC</subfield><subfield code="c">match</subfield><subfield code="d">20240530</subfield><subfield code="e">processed</subfield><subfield code="f">1119746794</subfield></datafield><datafield tag="980" ind1=" " ind2=" "><subfield code="i">120.00</subfield><subfield code="j">98.40</subfield><subfield code="n">40029981357</subfield></datafield><datafield tag="982" ind1=" " ind2=" "><subfield code="b">FY20</subfield><subfield code="n">2020</subfield><subfield code="q">32101111048482</subfield></datafield><datafield tag="986" ind1=" " ind2=" "><subfield code="h">PN3433.6</subfield><subfield code="i">.M55 2020</subfield></datafield><datafield tag="950" ind1=" " ind2=" "><subfield code="c">2024-06-06 08:28:29 US/Eastern</subfield><subfield code="b">2021-07-13 07:39:12 US/Eastern</subfield><subfield code="a">false</subfield></datafield><datafield tag="852" ind1="0" ind2=" "><subfield code="b">firestone</subfield><subfield code="c">stacks</subfield><subfield code="h">PN3433.6</subfield><subfield code="i">.M55 2020</subfield><subfield code="8">22732125810006421</subfield></datafield><datafield tag="952" ind1=" " ind2=" "><subfield code="a">2021-07-13 11:39:12</subfield><subfield code="8">22732125810006421</subfield><subfield code="b">Firestone Library</subfield><subfield code="c">stacks: Firestone Library</subfield><subfield code="e">false</subfield></datafield><datafield tag="876" ind1=" " ind2=" "><subfield code="0">22732125810006421</subfield><subfield code="j">0</subfield><subfield code="x">LOAN</subfield><subfield code="z">stacks</subfield><subfield code="p">32101111048482</subfield><subfield code="t">0</subfield><subfield code="a">23732125800006421</subfield><subfield code="d">2020-07-23 20:00:00 US/Eastern</subfield><subfield code="q">2020-07-24 06:59:00 US/Eastern</subfield><subfield code="y">firestone</subfield></datafield></record>