<record><leader>03671cam a2200601 i 4500</leader><controlfield tag="005">20260304201008.0</controlfield><controlfield tag="007">ta</controlfield><controlfield tag="008">250310t20252025nmuab    b    001 0 eng c</controlfield><controlfield tag="001">99131687972506421</controlfield><datafield tag="010" ind1=" " ind2=" "><subfield code="a">  2025006773</subfield></datafield><datafield tag="019" ind1=" " ind2=" "><subfield code="a">1520596310</subfield></datafield><datafield tag="020" ind1=" " ind2=" "><subfield code="a">9780826368461</subfield></datafield><datafield tag="020" ind1=" " ind2=" "><subfield code="a">0826368468</subfield><subfield code="q">hardcover</subfield></datafield><datafield tag="020" ind1=" " ind2=" "><subfield code="a">9780826368478</subfield><subfield code="q">paperback</subfield></datafield><datafield tag="020" ind1=" " ind2=" "><subfield code="a">0826368476</subfield><subfield code="q">paperback</subfield></datafield><datafield tag="020" ind1=" " ind2=" "><subfield code="z">9780826368317</subfield><subfield code="q">electronic publication</subfield></datafield><datafield tag="035" ind1=" " ind2=" "><subfield code="a">(OCoLC)1520596294</subfield><subfield code="z">(OCoLC)1520596310</subfield></datafield><datafield tag="035" ind1=" " ind2=" "><subfield code="a">(OCoLC)on1520596294</subfield></datafield><datafield tag="040" ind1=" " ind2=" "><subfield code="a">DNAL/DLC</subfield><subfield code="b">eng</subfield><subfield code="e">rda</subfield><subfield code="c">DLC</subfield><subfield code="d">OCLCO</subfield><subfield code="d">YDX</subfield><subfield code="d">BDX</subfield><subfield code="d">YDX</subfield></datafield><datafield tag="042" ind1=" " ind2=" "><subfield code="a">pcc</subfield></datafield><datafield tag="043" ind1=" " ind2=" "><subfield code="a">n-ust--</subfield><subfield code="a">n-us-nm</subfield></datafield><datafield tag="050" ind1="0" ind2="0"><subfield code="a">S448</subfield><subfield code="b">.S73 2025</subfield></datafield><datafield tag="070" ind1="0" ind2=" "><subfield code="a">S448</subfield><subfield code="b">.S87 2025</subfield></datafield><datafield tag="082" ind1="0" ind2="0"><subfield code="a">338.109789/82</subfield><subfield code="2">23/eng/20250618</subfield></datafield><datafield tag="100" ind1="1" ind2=" "><subfield code="a">Stuart, David E.</subfield><subfield code="e">author</subfield><subfield code="4">aut</subfield><subfield code="4">http://id.loc.gov/vocabulary/relators/aut</subfield><subfield code="0">http://id.loc.gov/authorities/names/n80135707</subfield><subfield code="1">http://id.loc.gov/rwo/agents/n80135707.</subfield></datafield><datafield tag="245" ind1="1" ind2="0"><subfield code="a">Ancient women gardeners :</subfield><subfield code="b">prelude to the Chacoan world /</subfield><subfield code="c">David E. Stuart.</subfield></datafield><datafield tag="264" ind1=" " ind2="1"><subfield code="a">Albuquerque :</subfield><subfield code="b">University of New Mexico Press,</subfield><subfield code="c">2025.</subfield></datafield><datafield tag="264" ind1=" " ind2="4"><subfield code="c">©2025</subfield></datafield><datafield tag="300" ind1=" " ind2=" "><subfield code="a">ix, 254 pages :</subfield><subfield code="b">illustrations, map ;</subfield><subfield code="c">23 cm.</subfield></datafield><datafield tag="334" ind1=" " ind2=" "><subfield code="a">single unit</subfield><subfield code="b">mono</subfield><subfield code="0">http://id.loc.gov/vocabulary/issuance/mono</subfield></datafield><datafield tag="336" ind1=" " ind2=" "><subfield code="a">text</subfield><subfield code="b">txt</subfield><subfield code="2">rdacontent</subfield><subfield code="0">http://id.loc.gov/vocabulary/contentTypes/txt</subfield></datafield><datafield tag="337" ind1=" " ind2=" "><subfield code="a">unmediated</subfield><subfield code="b">n</subfield><subfield code="2">rdamedia</subfield><subfield code="0">http://id.loc.gov/vocabulary/mediaTypes/n</subfield></datafield><datafield tag="338" ind1=" " ind2=" "><subfield code="a">volume</subfield><subfield code="b">nc</subfield><subfield code="2">rdacarrier</subfield><subfield code="0">http://id.loc.gov/vocabulary/carriers/nc</subfield></datafield><datafield tag="353" ind1=" " ind2=" "><subfield code="a">bibliography</subfield><subfield code="b">bibliography</subfield><subfield code="0">http://id.loc.gov/vocabulary/msupplcont/bibliography</subfield></datafield><datafield tag="353" ind1=" " ind2=" "><subfield code="a">index</subfield><subfield code="b">index</subfield><subfield code="0">http://id.loc.gov/vocabulary/msupplcont/index</subfield></datafield><datafield tag="490" ind1="1" ind2=" "><subfield code="a">New century gardens and landscapes of the American Southwest</subfield></datafield><datafield tag="504" ind1=" " ind2=" "><subfield code="a">Includes bibliographical references and index.</subfield></datafield><datafield tag="505" ind1="0" ind2=" "><subfield code="a">Chapter One. After the Ice Age -- Chapter Two. Changes in the Four Corners Region during the Early Archaic Period -- Chapter Three. The robust plant and foraging society of the Middle Archaic Period -- Chapter Four. The genius and innovation of ancient womens pocket gardens -- Chapter Five. Farming labor patterns -- Chapter Six. The evolutionary balance scales shift, 1 -- 600 AD -- Chapter Seven. From Basketmaker to Puebloan -- Chapter Eight. Geography and Chacoan Societys emergence -- Chapter Nine. The Dynamics of a semi-arid empire -- Chapter Ten. The Great House Era, 875 -- 175 AD -- Chapter Eleven. Modifying landscapes as avenues to power -- Chapter Twelve. The rhythms of Great House Power, 900s -- 1100s AD -- Chapter Thirteen. Tiptoeing on the edge of chaos, 1130 AD.</subfield></datafield><datafield tag="650" ind1=" " ind2="0"><subfield code="a">Agriculture, Ancient</subfield><subfield code="z">Southwest, New</subfield><subfield code="x">History.</subfield></datafield><datafield tag="650" ind1=" " ind2="0"><subfield code="a">Chaco culture</subfield><subfield code="x">Agriculture</subfield><subfield code="x">History.</subfield></datafield><datafield tag="650" ind1=" " ind2="0"><subfield code="a">Agriculture, Ancient</subfield><subfield code="z">New Mexico</subfield><subfield code="z">Chaco Canyon</subfield><subfield code="x">History.</subfield></datafield><datafield tag="758" ind1=" " ind2=" "><subfield code="1">http://id.loc.gov/resources/instances/24089708</subfield></datafield><datafield tag="758" ind1=" " ind2=" "><subfield code="4">http://id.loc.gov/ontologies/bibframe/instanceOf</subfield><subfield code="1">http://id.loc.gov/resources/works/24089708</subfield></datafield><datafield tag="776" ind1="0" ind2="8"><subfield code="i">Online version</subfield><subfield code="4">http://id.loc.gov/entities/relationships/onlineversion</subfield><subfield code="a">Stuart, David E.</subfield><subfield code="t">Ancient women gardeners</subfield><subfield code="d">Albuquerque : University of New Mexico Press, 2025</subfield><subfield code="z">9780826368317</subfield><subfield code="w">(DLC)  2025006774</subfield></datafield><datafield tag="830" ind1=" " ind2="0"><subfield code="a">New century gardens and landscapes of the American Southwest</subfield><subfield code="1">http://id.loc.gov/resources/hubs/5af37e72-72f2-2e95-e8b4-34337492f593</subfield></datafield><datafield tag="884" ind1=" " ind2=" "><subfield code="a">DLC bibframe2marc v2.10-dev</subfield><subfield code="g">20250618</subfield><subfield code="q">DLC</subfield><subfield code="u">https://github.com/lcnetdev/bibframe2marc/releases/tag/v2.10-dev</subfield></datafield><datafield tag="902" ind1=" " ind2=" "><subfield code="a">010002796</subfield><subfield code="w">copy</subfield><subfield code="1">20220101.0</subfield></datafield><datafield tag="910" ind1=" " ind2=" "><subfield code="c">C0706mon</subfield><subfield code="d">3110-10</subfield><subfield code="g">YBP</subfield></datafield><datafield tag="960" ind1=" " ind2=" "><subfield code="o">1</subfield><subfield code="z">USD</subfield></datafield><datafield tag="961" ind1=" " ind2=" "><subfield code="f">SAK</subfield><subfield code="m">311010</subfield><subfield code="n">Cloth</subfield></datafield><datafield tag="980" ind1=" " ind2=" "><subfield code="a">25382486</subfield><subfield code="i">75.00</subfield></datafield><datafield tag="982" ind1=" " ind2=" "><subfield code="c">f</subfield></datafield><datafield tag="984" ind1=" " ind2=" "><subfield code="a">20251124</subfield><subfield code="b">105750</subfield><subfield code="c">YBP-US</subfield></datafield><datafield tag="950" ind1=" " ind2=" "><subfield code="c">2026-03-04 20:10:28 US/Eastern</subfield><subfield code="b">2025-11-26 09:14:28 US/Eastern</subfield><subfield code="a">false</subfield></datafield><datafield tag="852" ind1="0" ind2=" "><subfield code="b">firestone</subfield><subfield code="c">stacks</subfield><subfield code="h">S448</subfield><subfield code="i">.S73 2025</subfield><subfield code="8">221094356140006421</subfield></datafield><datafield tag="952" ind1=" " ind2=" "><subfield code="d">2025-11-26 14:16:10</subfield><subfield code="8">221094356140006421</subfield><subfield code="a">2025-11-26 14:16:09</subfield><subfield code="b">Firestone Library</subfield><subfield code="c">stacks: Firestone Library</subfield><subfield code="e">false</subfield></datafield><datafield tag="876" ind1=" " ind2=" "><subfield code="0">221094356140006421</subfield><subfield code="j">0</subfield><subfield code="x">WORK_ORDER_DEPARTMENT</subfield><subfield code="z">stacks</subfield><subfield code="p">32101125084291</subfield><subfield code="a">231094356130006421</subfield><subfield code="d">2025-11-26 09:16:10 US/Eastern</subfield><subfield code="q">2026-02-25 15:44:03 US/Eastern</subfield><subfield code="y">firestone</subfield></datafield></record>