<record><leader>02923cas a2200565 a 4500</leader><controlfield tag="005">20240819093558.0</controlfield><controlfield tag="008">940104c19919999cc br p      f0   e0chi d</controlfield><controlfield tag="001">9931285143506421</controlfield><datafield tag="010" ind1=" " ind2=" "><subfield code="a">   93645219 /ACN/V</subfield><subfield code="z">sn 92037482 /V</subfield></datafield><datafield tag="022" ind1=" " ind2=" "><subfield code="a">1002-8587</subfield></datafield><datafield tag="035" ind1=" " ind2=" "><subfield code="a">(CStRLIN)NJPX94-S1</subfield></datafield><datafield tag="035" ind1=" " ind2=" "><subfield code="a">(NjP)3128514-princetondb</subfield></datafield><datafield tag="035" ind1=" " ind2=" "><subfield code="a">(OCoLC)ocm24486316</subfield></datafield><datafield tag="035" ind1=" " ind2=" "><subfield code="z">(NjP)Voyager3128514</subfield></datafield><datafield tag="040" ind1=" " ind2=" "><subfield code="a">CLU</subfield><subfield code="b">eng</subfield><subfield code="c">CLU</subfield><subfield code="d">PPiU</subfield><subfield code="d">CStRLIN</subfield><subfield code="d">MnU</subfield><subfield code="d">CtY</subfield><subfield code="d">NjP-G</subfield></datafield><datafield tag="041" ind1="0" ind2=" "><subfield code="a">chi</subfield><subfield code="f">eng</subfield></datafield><datafield tag="043" ind1=" " ind2=" "><subfield code="a">a-cc---</subfield></datafield><datafield tag="050" ind1="0" ind2=" "><subfield code="a">DS753.82</subfield><subfield code="b">.C46</subfield></datafield><datafield tag="066" ind1=" " ind2=" "><subfield code="c">$1</subfield></datafield><datafield tag="082" ind1="0" ind2="0"><subfield code="a">951/.03/05</subfield><subfield code="2">19</subfield></datafield><datafield tag="090" ind1=" " ind2=" "><subfield code="a">DS753.82</subfield><subfield code="b">.C462</subfield><subfield code="i">03/28/02 T</subfield><subfield code="h">05/18/00 T</subfield><subfield code="h">03/17/00 T</subfield><subfield code="h">01/27/99 T</subfield><subfield code="h">07/21/97 T</subfield><subfield code="h">11/13/96 T</subfield><subfield code="h">09/05/95 T</subfield><subfield code="h">01/27/94 CT</subfield></datafield><datafield tag="245" ind1="0" ind2="0"><subfield code="6">880-01</subfield><subfield code="a">Qing shi yan jiu =</subfield><subfield code="b">The Qing history journal.</subfield></datafield><datafield tag="880" ind1="0" ind2="0"><subfield code="6">245-01/$1</subfield><subfield code="a">清史硏究 =</subfield><subfield code="b">The Qing history journal.</subfield></datafield><datafield tag="246" ind1="3" ind2="1"><subfield code="a">Qing history journal</subfield></datafield><datafield tag="246" ind1="3" ind2=" "><subfield code="a">Qingshi yanjiu</subfield></datafield><datafield tag="246" ind1="3" ind2=" "><subfield code="6">880-02</subfield><subfield code="a">Qing dai bian jiang min zu yan jiu zhuan hao</subfield><subfield code="f">'91, 2</subfield></datafield><datafield tag="880" ind1="1" ind2="2"><subfield code="6">246-02/$1</subfield><subfield code="a">清代边疆民族研究专号</subfield><subfield code="f">'91, 2</subfield></datafield><datafield tag="260" ind1=" " ind2=" "><subfield code="6">880-03</subfield><subfield code="a">Beijing :</subfield><subfield code="b">Zhongguo ren min da xue shu bao zi liao zhong xin,</subfield><subfield code="c">1991-</subfield></datafield><datafield tag="880" ind1=" " ind2=" "><subfield code="6">260-03/$1</subfield><subfield code="a">北京 :</subfield><subfield code="b">中国人民大学书报资料中心,</subfield><subfield code="c">1991-</subfield></datafield><datafield tag="300" ind1=" " ind2=" "><subfield code="a">v. ;</subfield><subfield code="c">27 cm.</subfield></datafield><datafield tag="310" ind1=" " ind2=" "><subfield code="a">Bimonthly,</subfield><subfield code="b">2020-</subfield></datafield><datafield tag="321" ind1=" " ind2=" "><subfield code="a">Quarterly,</subfield><subfield code="b">1991-2019</subfield></datafield><datafield tag="362" ind1="0" ind2=" "><subfield code="a">'91, 1-</subfield></datafield><datafield tag="500" ind1=" " ind2=" "><subfield code="a">Title from cover.</subfield></datafield><datafield tag="515" ind1=" " ind2=" "><subfield code="a">Issues called also zong di 1 qi-</subfield></datafield><datafield tag="546" ind1=" " ind2=" "><subfield code="a">Table of contents also in English.</subfield></datafield><datafield tag="550" ind1=" " ind2=" "><subfield code="a">Sponsored by: Zhongguo ren min da xue Qing shi yan jiu suo, and: Zhongguo ren min da xue shu bao zi liao zhong xin.</subfield></datafield><datafield tag="651" ind1=" " ind2="0"><subfield code="a">China</subfield><subfield code="x">History</subfield><subfield code="y">Qing dynasty, 1644-1912</subfield><subfield code="x">Periodicals.</subfield></datafield><datafield tag="710" ind1="2" ind2=" "><subfield code="6">880-04</subfield><subfield code="a">Zhongguo ren min da xue.</subfield><subfield code="b">Qing shi yan jiu suo.</subfield><subfield code="0">http://id.loc.gov/authorities/names/n80132657</subfield></datafield><datafield tag="880" ind1="2" ind2=" "><subfield code="6">710-04/$1</subfield><subfield code="a">中国人民大学.</subfield><subfield code="b">清史硏究所．</subfield></datafield><datafield tag="710" ind1="2" ind2=" "><subfield code="6">880-05</subfield><subfield code="a">Zhongguo ren min da xue.</subfield><subfield code="b">Shu bao zi liao zhong xin.</subfield><subfield code="0">http://id.loc.gov/authorities/names/no89016306</subfield></datafield><datafield tag="880" ind1="2" ind2=" "><subfield code="6">710-05/$1</subfield><subfield code="a">中国人民大学.</subfield><subfield code="b">书报资料中心．</subfield></datafield><datafield tag="780" ind1="0" ind2="0"><subfield code="6">880-06</subfield><subfield code="t">Qing shi yan jiu tong xun</subfield></datafield><datafield tag="880" ind1="0" ind2="0"><subfield code="6">780-06/$1</subfield><subfield code="t">清史硏究通訊</subfield></datafield><datafield tag="914" ind1=" " ind2=" "><subfield code="a">(OCoLC)ocm24486316</subfield><subfield code="b">OCoLC</subfield><subfield code="c">match</subfield><subfield code="d">20221117</subfield><subfield code="e">processed</subfield><subfield code="f">24486316</subfield></datafield><datafield tag="950" ind1=" " ind2=" "><subfield code="l">C</subfield><subfield code="v">No.1 (1991)-36 (1999)</subfield><subfield code="n">#9</subfield><subfield code="n">#50</subfield><subfield code="p">2</subfield><subfield code="h">01/27/94 C |9777:</subfield></datafield><datafield tag="955" ind1=" " ind2=" "><subfield code="l">C</subfield><subfield code="c">1:(no.17-20 1995)</subfield><subfield code="q">CNPITC 8-14-91</subfield><subfield code="r">32101026556975</subfield><subfield code="h">01/27/94 C</subfield></datafield><datafield tag="955" ind1=" " ind2=" "><subfield code="l">C</subfield><subfield code="c">1:(no.21-24 1996)</subfield><subfield code="r">32101032857961</subfield><subfield code="h">07/21/97 C</subfield></datafield><datafield tag="987" ind1=" " ind2=" "><subfield code="a">PINYIN</subfield><subfield code="b">NjP-G</subfield><subfield code="c">20020328</subfield><subfield code="d">c</subfield></datafield><datafield tag="998" ind1=" " ind2=" "><subfield code="a">03/28/02</subfield><subfield code="t">c</subfield><subfield code="s">9110</subfield><subfield code="n">NjP-G</subfield><subfield code="w">MNUO93S18</subfield><subfield code="d">03/17/00</subfield><subfield code="c">CSW</subfield><subfield code="b">CFW</subfield><subfield code="i">020328</subfield><subfield code="h">000518</subfield><subfield code="h">000317</subfield><subfield code="h">990127</subfield><subfield code="h">970721</subfield><subfield code="h">961113</subfield><subfield code="h">950905</subfield><subfield code="h">940127</subfield><subfield code="l">NJPX</subfield></datafield><datafield tag="950" ind1=" " ind2=" "><subfield code="c">2026-02-27 04:18:39 US/Eastern</subfield><subfield code="b">2021-07-13 03:54:57 US/Eastern</subfield><subfield code="a">false</subfield></datafield><datafield tag="852" ind1="0" ind2=" "><subfield code="b">recap</subfield><subfield code="c">pa</subfield><subfield code="h">DS753.82</subfield><subfield code="i">.C462</subfield><subfield code="8">22909694680006421</subfield></datafield><datafield tag="866" ind1=" " ind2="0"><subfield code="a">No. 1 (1991)-no. 100 (2015)</subfield><subfield code="8">22909694680006421</subfield></datafield><datafield tag="952" ind1=" " ind2=" "><subfield code="d">2024-11-25 20:12:49</subfield><subfield code="8">22909694680006421</subfield><subfield code="a">2021-12-10 19:42:15</subfield><subfield code="b">ReCAP</subfield><subfield code="c">rcppa: RECAP</subfield><subfield code="e">false</subfield></datafield><datafield tag="852" ind1="0" ind2=" "><subfield code="b">eastasian</subfield><subfield code="c">cjk</subfield><subfield code="h">DS753.82</subfield><subfield code="i">.C462</subfield><subfield code="8">22691815870006421</subfield></datafield><datafield tag="866" ind1=" " ind2="0"><subfield code="a">2016 no. 1-2025 no. 3</subfield><subfield code="8">22691815870006421</subfield></datafield><datafield tag="866" ind1=" " ind2="0"><subfield code="z">CURRENT ISSUES IN: East Asian Library (Gest)</subfield><subfield code="8">22691815870006421</subfield></datafield><datafield tag="952" ind1=" " ind2=" "><subfield code="d">2025-10-28 18:18:59</subfield><subfield code="8">22691815870006421</subfield><subfield code="a">2021-07-13 07:54:57</subfield><subfield code="b">East Asian Library</subfield><subfield code="c">cjk: East Asian Library</subfield><subfield code="e">false</subfield></datafield><datafield tag="876" ind1=" " ind2=" "><subfield code="0">22909694680006421</subfield><subfield code="j">1</subfield><subfield code="z">pa</subfield><subfield code="p">32101099729566</subfield><subfield code="t">1</subfield><subfield code="a">23691815510006421</subfield><subfield code="3">no.97-100 2015</subfield><subfield code="d">2016-08-25 20:00:00 US/Eastern</subfield><subfield code="q">2016-08-26 16:35:06 US/Eastern</subfield><subfield code="y">recap</subfield></datafield><datafield tag="876" ind1=" " ind2=" "><subfield code="0">22691815870006421</subfield><subfield code="j">1</subfield><subfield code="z">cjk</subfield><subfield code="a">231092872630006421</subfield><subfield code="3">2025, no. 4 </subfield><subfield code="d">2025-11-13 16:31:40 US/Eastern</subfield><subfield code="q">2025-11-13 16:31:40 US/Eastern</subfield><subfield code="y">eastasian</subfield></datafield><datafield tag="876" ind1=" " ind2=" "><subfield code="0">22909694680006421</subfield><subfield code="j">1</subfield><subfield code="z">pa</subfield><subfield code="p">32101084866563</subfield><subfield code="t">1</subfield><subfield code="a">23691815520006421</subfield><subfield code="3">no.81-84 2011</subfield><subfield code="d">2013-05-30 20:00:00 US/Eastern</subfield><subfield code="q">2013-05-31 16:55:17 US/Eastern</subfield><subfield code="y">recap</subfield></datafield><datafield tag="876" ind1=" " ind2=" "><subfield code="0">22691815870006421</subfield><subfield code="j">1</subfield><subfield code="z">cjk</subfield><subfield code="p">32101117975191</subfield><subfield code="a">23958077380006421</subfield><subfield code="3">2022 no. 1-3 </subfield><subfield code="d">2023-01-10 15:16:32 US/Eastern</subfield><subfield code="q">2023-01-10 13:51:21 US/Eastern</subfield><subfield code="y">eastasian</subfield></datafield><datafield tag="876" ind1=" " ind2=" "><subfield code="0">22691815870006421</subfield><subfield code="j">1</subfield><subfield code="z">cjk</subfield><subfield code="p">32101114217381</subfield><subfield code="a">23989520070006421</subfield><subfield code="3">2023 no. 1-3 </subfield><subfield code="d">2023-08-07 16:15:35 US/Eastern</subfield><subfield code="q">2023-08-07 14:25:28 US/Eastern</subfield><subfield code="y">eastasian</subfield></datafield><datafield tag="876" ind1=" " ind2=" "><subfield code="0">22909694680006421</subfield><subfield code="j">1</subfield><subfield code="z">pa</subfield><subfield code="p">32101081845354</subfield><subfield code="t">1</subfield><subfield code="a">23691815530006421</subfield><subfield code="3">no.77-80 2010</subfield><subfield code="d">2012-01-11 19:00:00 US/Eastern</subfield><subfield code="q">2012-01-12 16:54:52 US/Eastern</subfield><subfield code="y">recap</subfield></datafield><datafield tag="876" ind1=" " ind2=" "><subfield code="0">22909694680006421</subfield><subfield code="j">1</subfield><subfield code="z">pa</subfield><subfield code="p">32101048704579</subfield><subfield code="t">1</subfield><subfield code="a">23691815700006421</subfield><subfield code="3">no.41-44 2001</subfield><subfield code="d">2003-01-30 19:00:00 US/Eastern</subfield><subfield code="q">2003-01-31 16:50:06 US/Eastern</subfield><subfield code="y">recap</subfield></datafield><datafield tag="876" ind1=" " ind2=" "><subfield code="0">22909694680006421</subfield><subfield code="j">1</subfield><subfield code="z">pa</subfield><subfield code="p">32101044667408</subfield><subfield code="a">23909694730006421</subfield><subfield code="3">no. 21 - 24 (1996)</subfield><subfield code="d">2021-12-10 14:39:53 US/Eastern</subfield><subfield code="y">recap</subfield></datafield><datafield tag="876" ind1=" " ind2=" "><subfield code="0">22691815870006421</subfield><subfield code="j">1</subfield><subfield code="z">cjk</subfield><subfield code="p">32101117975183</subfield><subfield code="a">23966770150006421</subfield><subfield code="3">2022 no. 4-6 </subfield><subfield code="d">2023-03-27 13:51:39 US/Eastern</subfield><subfield code="q">2023-03-27 13:51:50 US/Eastern</subfield><subfield code="y">eastasian</subfield></datafield><datafield tag="876" ind1=" " ind2=" "><subfield code="0">22909694680006421</subfield><subfield code="j">1</subfield><subfield code="z">pa</subfield><subfield code="p">32101080407156</subfield><subfield code="t">1</subfield><subfield code="a">23691815600006421</subfield><subfield code="3">no.93-96 2014</subfield><subfield code="d">2015-07-30 20:00:00 US/Eastern</subfield><subfield code="q">2015-07-31 16:58:08 US/Eastern</subfield><subfield code="y">recap</subfield></datafield><datafield tag="876" ind1=" " ind2=" "><subfield code="0">22909694680006421</subfield><subfield code="j">1</subfield><subfield code="z">pa</subfield><subfield code="p">32101093207056</subfield><subfield code="t">1</subfield><subfield code="a">23691815620006421</subfield><subfield code="3">no.85-88 2012</subfield><subfield code="d">2013-10-15 20:00:00 US/Eastern</subfield><subfield code="q">2013-10-16 16:55:40 US/Eastern</subfield><subfield code="y">recap</subfield></datafield><datafield tag="876" ind1=" " ind2=" "><subfield code="0">22909694680006421</subfield><subfield code="j">1</subfield><subfield code="z">pa</subfield><subfield code="p">32101075968576</subfield><subfield code="t">1</subfield><subfield code="a">23691815630006421</subfield><subfield code="3">no.73-76 2009</subfield><subfield code="d">2010-08-24 20:00:00 US/Eastern</subfield><subfield code="q">2010-08-25 16:53:32 US/Eastern</subfield><subfield code="y">recap</subfield></datafield><datafield tag="876" ind1=" " ind2=" "><subfield code="0">22909694680006421</subfield><subfield code="j">1</subfield><subfield code="z">pa</subfield><subfield code="p">32101075340768</subfield><subfield code="t">1</subfield><subfield code="a">23691815640006421</subfield><subfield code="3">no.69-72 2008</subfield><subfield code="d">2009-12-01 19:00:00 US/Eastern</subfield><subfield code="q">2009-12-02 16:54:20 US/Eastern</subfield><subfield code="y">recap</subfield></datafield><datafield tag="876" ind1=" " ind2=" "><subfield code="0">22909694680006421</subfield><subfield code="j">1</subfield><subfield code="z">pa</subfield><subfield code="p">32101086659222</subfield><subfield code="t">1</subfield><subfield code="a">23691815610006421</subfield><subfield code="3">no.89-92 2013</subfield><subfield code="d">2014-06-08 20:00:00 US/Eastern</subfield><subfield code="q">2014-06-09 16:56:03 US/Eastern</subfield><subfield code="y">recap</subfield></datafield><datafield tag="876" ind1=" " ind2=" "><subfield code="0">22909694680006421</subfield><subfield code="j">1</subfield><subfield code="z">pa</subfield><subfield code="p">32101044667374</subfield><subfield code="t">1</subfield><subfield code="a">23691815720006421</subfield><subfield code="3">no.37-40 2000</subfield><subfield code="d">2001-06-06 20:00:00 US/Eastern</subfield><subfield code="q">2001-06-07 16:49:47 US/Eastern</subfield><subfield code="y">recap</subfield></datafield><datafield tag="876" ind1=" " ind2=" "><subfield code="0">22909694680006421</subfield><subfield code="j">1</subfield><subfield code="z">pa</subfield><subfield code="p">32101044667366</subfield><subfield code="t">1</subfield><subfield code="a">23691815730006421</subfield><subfield code="3">no.33-36 1999</subfield><subfield code="d">2000-06-12 20:00:00 US/Eastern</subfield><subfield code="q">2000-06-13 16:49:29 US/Eastern</subfield><subfield code="y">recap</subfield></datafield><datafield tag="876" ind1=" " ind2=" "><subfield code="0">22691815870006421</subfield><subfield code="j">1</subfield><subfield code="z">cjk</subfield><subfield code="p">32101114064692</subfield><subfield code="a">231091245870006421</subfield><subfield code="3">2025 no. 1-3 </subfield><subfield code="d">2025-10-28 14:20:49 US/Eastern</subfield><subfield code="q">2025-10-28 14:21:00 US/Eastern</subfield><subfield code="y">eastasian</subfield></datafield><datafield tag="876" ind1=" " ind2=" "><subfield code="0">22691815870006421</subfield><subfield code="j">1</subfield><subfield code="z">cjk</subfield><subfield code="p">32101114064700</subfield><subfield code="a">231091245880006421</subfield><subfield code="3">2024 no. 4-6 </subfield><subfield code="d">2025-10-28 14:19:28 US/Eastern</subfield><subfield code="q">2025-10-28 14:19:51 US/Eastern</subfield><subfield code="y">eastasian</subfield></datafield><datafield tag="876" ind1=" " ind2=" "><subfield code="0">22691815870006421</subfield><subfield code="j">1</subfield><subfield code="z">cjk</subfield><subfield code="p">32101115427252</subfield><subfield code="a">231035856830006421</subfield><subfield code="3">2024 no. 1-3 </subfield><subfield code="d">2024-11-25 15:10:28 US/Eastern</subfield><subfield code="q">2024-11-25 15:10:43 US/Eastern</subfield><subfield code="y">eastasian</subfield></datafield><datafield tag="876" ind1=" " ind2=" "><subfield code="0">22691815870006421</subfield><subfield code="j">1</subfield><subfield code="z">cjk</subfield><subfield code="a">231100145550006421</subfield><subfield code="3">2025 no. 5 </subfield><subfield code="d">2026-01-15 10:34:54 US/Eastern</subfield><subfield code="q">2026-01-15 10:34:54 US/Eastern</subfield><subfield code="y">eastasian</subfield></datafield><datafield tag="876" ind1=" " ind2=" "><subfield code="0">22691815870006421</subfield><subfield code="j">1</subfield><subfield code="z">cjk</subfield><subfield code="p">32101115484659</subfield><subfield code="a">231010919180006421</subfield><subfield code="3">2023 no. 4-6 </subfield><subfield code="d">2024-02-22 12:40:52 US/Eastern</subfield><subfield code="q">2024-03-08 11:38:17 US/Eastern</subfield><subfield code="y">eastasian</subfield></datafield><datafield tag="876" ind1=" " ind2=" "><subfield code="0">22909694680006421</subfield><subfield code="j">1</subfield><subfield code="z">pa</subfield><subfield code="p">32101044667382</subfield><subfield code="t">1</subfield><subfield code="a">23691815780006421</subfield><subfield code="3">no.9-16 1993-94</subfield><subfield code="d">2000-06-12 20:00:00 US/Eastern</subfield><subfield code="q">2000-06-13 16:34:42 US/Eastern</subfield><subfield code="y">recap</subfield></datafield><datafield tag="876" ind1=" " ind2=" "><subfield code="0">22909694680006421</subfield><subfield code="j">1</subfield><subfield code="z">pa</subfield><subfield code="p">32101056737826</subfield><subfield code="t">1</subfield><subfield code="a">23691815680006421</subfield><subfield code="3">no.53-56 2004</subfield><subfield code="d">2005-05-16 20:00:00 US/Eastern</subfield><subfield code="q">2005-05-17 16:52:17 US/Eastern</subfield><subfield code="y">recap</subfield></datafield><datafield tag="876" ind1=" " ind2=" "><subfield code="0">22909694680006421</subfield><subfield code="j">1</subfield><subfield code="z">pa</subfield><subfield code="p">32101044667424</subfield><subfield code="t">1</subfield><subfield code="a">23691815760006421</subfield><subfield code="3">no.29-32 1998</subfield><subfield code="d">2000-06-12 20:00:00 US/Eastern</subfield><subfield code="q">2000-06-13 16:49:09 US/Eastern</subfield><subfield code="y">recap</subfield></datafield><datafield tag="876" ind1=" " ind2=" "><subfield code="0">22909694680006421</subfield><subfield code="j">1</subfield><subfield code="z">pa</subfield><subfield code="p">32101044667416</subfield><subfield code="t">1</subfield><subfield code="a">23691815770006421</subfield><subfield code="3">no.25-28 1997</subfield><subfield code="d">2000-06-12 20:00:00 US/Eastern</subfield><subfield code="q">2000-06-13 16:35:26 US/Eastern</subfield><subfield code="y">recap</subfield></datafield><datafield tag="876" ind1=" " ind2=" "><subfield code="0">22691815870006421</subfield><subfield code="j">1</subfield><subfield code="z">cjk</subfield><subfield code="p">32101108311745</subfield><subfield code="t">1</subfield><subfield code="a">23691815580006421</subfield><subfield code="3">2017 no. 1-4</subfield><subfield code="d">2020-11-09 19:00:00 US/Eastern</subfield><subfield code="q">2020-11-10 05:59:00 US/Eastern</subfield><subfield code="y">eastasian</subfield></datafield><datafield tag="876" ind1=" " ind2=" "><subfield code="0">22691815870006421</subfield><subfield code="j">1</subfield><subfield code="z">cjk</subfield><subfield code="p">32101108311752</subfield><subfield code="t">1</subfield><subfield code="a">23691815590006421</subfield><subfield code="3">2016 no. 1-4</subfield><subfield code="d">2020-11-09 19:00:00 US/Eastern</subfield><subfield code="q">2020-11-10 05:59:00 US/Eastern</subfield><subfield code="y">eastasian</subfield></datafield><datafield tag="876" ind1=" " ind2=" "><subfield code="0">22909694680006421</subfield><subfield code="j">1</subfield><subfield code="z">pa</subfield><subfield code="p">32101063679649</subfield><subfield code="t">1</subfield><subfield code="a">23691815660006421</subfield><subfield code="3">no.61-64 2006</subfield><subfield code="d">2008-03-26 20:00:00 US/Eastern</subfield><subfield code="q">2008-03-27 16:53:08 US/Eastern</subfield><subfield code="y">recap</subfield></datafield><datafield tag="876" ind1=" " ind2=" "><subfield code="0">22909694680006421</subfield><subfield code="j">1</subfield><subfield code="z">pa</subfield><subfield code="p">32101066013317</subfield><subfield code="t">1</subfield><subfield code="a">23691815650006421</subfield><subfield code="3">no.65-68 2007</subfield><subfield code="d">2009-04-02 20:00:00 US/Eastern</subfield><subfield code="q">2009-04-03 16:53:53 US/Eastern</subfield><subfield code="y">recap</subfield></datafield><datafield tag="876" ind1=" " ind2=" "><subfield code="0">22909694680006421</subfield><subfield code="j">1</subfield><subfield code="z">pa</subfield><subfield code="p">32101059158962</subfield><subfield code="t">1</subfield><subfield code="a">23691815670006421</subfield><subfield code="3">no.57-60 2005</subfield><subfield code="d">2007-01-08 19:00:00 US/Eastern</subfield><subfield code="q">2007-01-09 16:52:41 US/Eastern</subfield><subfield code="y">recap</subfield></datafield><datafield tag="876" ind1=" " ind2=" "><subfield code="0">22909694680006421</subfield><subfield code="j">1</subfield><subfield code="z">pa</subfield><subfield code="p">32101044667432</subfield><subfield code="t">1</subfield><subfield code="a">23691815690006421</subfield><subfield code="3">no.1-8 1991-92</subfield><subfield code="d">2004-11-04 19:00:00 US/Eastern</subfield><subfield code="q">2004-11-05 16:32:30 US/Eastern</subfield><subfield code="y">recap</subfield></datafield><datafield tag="876" ind1=" " ind2=" "><subfield code="0">22691815870006421</subfield><subfield code="j">1</subfield><subfield code="z">cjk</subfield><subfield code="p">32101108311729</subfield><subfield code="t">1</subfield><subfield code="a">23691815560006421</subfield><subfield code="3">2019 no. 1-4</subfield><subfield code="d">2020-11-09 19:00:00 US/Eastern</subfield><subfield code="q">2020-11-10 05:59:00 US/Eastern</subfield><subfield code="y">eastasian</subfield></datafield><datafield tag="876" ind1=" " ind2=" "><subfield code="0">22909694680006421</subfield><subfield code="j">1</subfield><subfield code="z">pa</subfield><subfield code="p">32101048737116</subfield><subfield code="t">1</subfield><subfield code="a">23691815550006421</subfield><subfield code="3">no.45-48 2002</subfield><subfield code="d">2003-07-08 20:00:00 US/Eastern</subfield><subfield code="q">2003-07-09 16:50:28 US/Eastern</subfield><subfield code="y">recap</subfield></datafield><datafield tag="876" ind1=" " ind2=" "><subfield code="0">22691815870006421</subfield><subfield code="j">1</subfield><subfield code="z">cjk</subfield><subfield code="p">32101108311737</subfield><subfield code="t">1</subfield><subfield code="a">23691815570006421</subfield><subfield code="3">2018 no. 1-4</subfield><subfield code="d">2020-11-09 19:00:00 US/Eastern</subfield><subfield code="q">2020-11-10 05:59:00 US/Eastern</subfield><subfield code="y">eastasian</subfield></datafield><datafield tag="876" ind1=" " ind2=" "><subfield code="0">22909694680006421</subfield><subfield code="j">1</subfield><subfield code="z">pa</subfield><subfield code="p">32101056647355</subfield><subfield code="t">1</subfield><subfield code="a">23691815540006421</subfield><subfield code="3">no.49-52 2003</subfield><subfield code="d">2004-12-09 19:00:00 US/Eastern</subfield><subfield code="q">2004-12-10 16:50:47 US/Eastern</subfield><subfield code="y">recap</subfield></datafield><datafield tag="876" ind1=" " ind2=" "><subfield code="0">22691815870006421</subfield><subfield code="j">1</subfield><subfield code="z">cjk</subfield><subfield code="p">32101110496377</subfield><subfield code="a">23940932170006421</subfield><subfield code="3">2021 no. 4-6 </subfield><subfield code="d">2022-09-02 13:34:53 US/Eastern</subfield><subfield code="q">2022-09-02 13:35:07 US/Eastern</subfield><subfield code="y">eastasian</subfield></datafield><datafield tag="876" ind1=" " ind2=" "><subfield code="0">22691815870006421</subfield><subfield code="j">1</subfield><subfield code="z">cjk</subfield><subfield code="p">32101110496385</subfield><subfield code="a">23940932180006421</subfield><subfield code="3">2021 no. 1-3 </subfield><subfield code="d">2022-09-02 13:33:57 US/Eastern</subfield><subfield code="q">2022-09-02 13:34:08 US/Eastern</subfield><subfield code="y">eastasian</subfield></datafield><datafield tag="876" ind1=" " ind2=" "><subfield code="0">22909694680006421</subfield><subfield code="j">1</subfield><subfield code="z">pa</subfield><subfield code="p">32101044667390</subfield><subfield code="a">23909694690006421</subfield><subfield code="3">no. 17-29 (1995)</subfield><subfield code="d">2021-12-10 14:41:00 US/Eastern</subfield><subfield code="y">recap</subfield></datafield><datafield tag="876" ind1=" " ind2=" "><subfield code="0">22691815870006421</subfield><subfield code="j">1</subfield><subfield code="z">cjk</subfield><subfield code="p">32101110496393</subfield><subfield code="a">23940932190006421</subfield><subfield code="3">2020 no. 4-6 </subfield><subfield code="d">2022-09-02 13:33:05 US/Eastern</subfield><subfield code="q">2022-09-02 13:33:17 US/Eastern</subfield><subfield code="y">eastasian</subfield></datafield><datafield tag="876" ind1=" " ind2=" "><subfield code="0">22691815870006421</subfield><subfield code="j">1</subfield><subfield code="z">cjk</subfield><subfield code="p">32101110496401</subfield><subfield code="a">23940932200006421</subfield><subfield code="3">2020 no. 1-3 </subfield><subfield code="d">2022-09-02 13:31:22 US/Eastern</subfield><subfield code="q">2022-09-02 13:32:16 US/Eastern</subfield><subfield code="y">eastasian</subfield></datafield></record>