<record><leader>02199cas a2200457Ia 4500</leader><controlfield tag="005">20240916123846.0</controlfield><controlfield tag="008">080929c20069999cc mr p       0   e0chi d</controlfield><controlfield tag="001">9955791933506421</controlfield><datafield tag="022" ind1=" " ind2=" "><subfield code="a">1673-6974</subfield></datafield><datafield tag="035" ind1=" " ind2=" "><subfield code="a">(NjP)5579193-princetondb</subfield></datafield><datafield tag="035" ind1=" " ind2=" "><subfield code="a">(OCoLC)ocn259154059</subfield></datafield><datafield tag="035" ind1=" " ind2=" "><subfield code="z">(NjP)Voyager5579193</subfield></datafield><datafield tag="040" ind1=" " ind2=" "><subfield code="a">PULEA</subfield><subfield code="b">eng</subfield><subfield code="c">PULEA</subfield><subfield code="d">PULEA</subfield></datafield><datafield tag="049" ind1=" " ind2=" "><subfield code="a">MAIN</subfield></datafield><datafield tag="090" ind1=" " ind2=" "><subfield code="a">GF41</subfield><subfield code="b">.H83 no.48-</subfield></datafield><datafield tag="245" ind1="0" ind2="0"><subfield code="6">880-01</subfield><subfield code="a">Huaxia di li =</subfield><subfield code="b">National geographic.</subfield></datafield><datafield tag="880" ind1="0" ind2="0"><subfield code="6">245-01</subfield><subfield code="a">華夏地理 =</subfield><subfield code="b">National geographic.</subfield></datafield><datafield tag="246" ind1="3" ind2="1"><subfield code="a">National geographic</subfield></datafield><datafield tag="246" ind1="1" ind2="2"><subfield code="6">880-02</subfield><subfield code="a">Guo bao Shanxi</subfield><subfield code="f">Suppl. 2009</subfield></datafield><datafield tag="880" ind1="1" ind2="2"><subfield code="6">246-02</subfield><subfield code="a">国宝山西</subfield><subfield code="f">Suppl. 2009</subfield></datafield><datafield tag="260" ind1=" " ind2=" "><subfield code="6">880-03</subfield><subfield code="a">Kunming Shi :</subfield><subfield code="b">Huaxia di li za zhi she,</subfield><subfield code="c">2006-</subfield></datafield><datafield tag="880" ind1=" " ind2=" "><subfield code="6">260-03</subfield><subfield code="a">昆明市 :</subfield><subfield code="b">华夏地理杂志社,</subfield><subfield code="c">2006-</subfield></datafield><datafield tag="300" ind1=" " ind2=" "><subfield code="a">v. :</subfield><subfield code="b">ill. ;</subfield><subfield code="c">27 cm.</subfield></datafield><datafield tag="310" ind1=" " ind2=" "><subfield code="a">Monthly</subfield></datafield><datafield tag="362" ind1="0" ind2=" "><subfield code="6">880-04</subfield><subfield code="a">Zong di 48 qi-</subfield></datafield><datafield tag="880" ind1="0" ind2=" "><subfield code="6">362-04</subfield><subfield code="a">总第48期-</subfield></datafield><datafield tag="500" ind1=" " ind2=" "><subfield code="a">Title from cover.</subfield></datafield><datafield tag="550" ind1=" " ind2=" "><subfield code="6">880-05</subfield><subfield code="a">Sponsored by: Yunnan Sheng she hui ke xue yuan.</subfield></datafield><datafield tag="880" ind1=" " ind2=" "><subfield code="6">550-05</subfield><subfield code="a">Sponsored by: 云南省社会科学院.</subfield></datafield><datafield tag="583" ind1="1" ind2=" "><subfield code="a">Committed to retain</subfield><subfield code="d">in perpetuity</subfield><subfield code="f">ReCAP</subfield><subfield code="f">Chinese Serials Collaborative Collection</subfield><subfield code="5">[MH, NjP, NN, or NNC]</subfield><subfield code="u">http://arks.princeton.edu/ark:/88435/dcxg94j1575</subfield></datafield><datafield tag="588" ind1=" " ind2=" "><subfield code="6">880-06</subfield><subfield code="a">Latest issue consulted: 2008 nian 8 yue = zong di 74 qi.</subfield></datafield><datafield tag="880" ind1=" " ind2=" "><subfield code="6">588-06</subfield><subfield code="a">Latest issue consulted: 2008年8月 = 总第74期.</subfield></datafield><datafield tag="650" ind1=" " ind2="0"><subfield code="a">Human geography</subfield><subfield code="z">China</subfield><subfield code="v">Periodicals.</subfield></datafield><datafield tag="655" ind1=" " ind2="7"><subfield code="a">Periodicals.</subfield><subfield code="2">lcgft</subfield><subfield code="0">http://id.loc.gov/authorities/genreForms/gf2014026139</subfield></datafield><datafield tag="710" ind1="2" ind2=" "><subfield code="6">880-07</subfield><subfield code="a">Yunnan Sheng she hui ke xue yuan.</subfield><subfield code="0">http://id.loc.gov/authorities/names/n85012898</subfield></datafield><datafield tag="880" ind1="2" ind2=" "><subfield code="6">710-07</subfield><subfield code="a">云南省社会科学院.</subfield></datafield><datafield tag="780" ind1="0" ind2="0"><subfield code="6">880-08</subfield><subfield code="t">Huaxia ren wen di li</subfield><subfield code="x">1009-8178</subfield></datafield><datafield tag="880" ind1="0" ind2="0"><subfield code="6">780-08</subfield><subfield code="t">华夏人文地理</subfield><subfield code="x">1009-8178</subfield></datafield><datafield tag="914" ind1=" " ind2=" "><subfield code="a">(OCoLC)ocn259154059</subfield><subfield code="b">OCoLC</subfield><subfield code="c">match</subfield><subfield code="d">20230125</subfield><subfield code="e">processed</subfield><subfield code="f">259154059</subfield></datafield><datafield tag="979" ind1=" " ind2=" "><subfield code="a">(OCoLC)ocn259154062</subfield></datafield><datafield tag="994" ind1=" " ind2=" "><subfield code="a">C0</subfield><subfield code="b">PULEA</subfield></datafield><datafield tag="950" ind1=" " ind2=" "><subfield code="c">2024-09-16 12:38:46 US/Eastern</subfield><subfield code="b">2021-07-12 23:29:58 US/Eastern</subfield><subfield code="a">false</subfield></datafield><datafield tag="852" ind1="0" ind2=" "><subfield code="b">eastasian</subfield><subfield code="c">cjk</subfield><subfield code="h">GF41</subfield><subfield code="i">.H83</subfield><subfield code="8">22644585810006421</subfield></datafield><datafield tag="866" ind1=" " ind2="0"><subfield code="a">No. 139 (2014)-no. 186 (2017); 2018 no. 1-2025 no. 6</subfield><subfield code="8">22644585810006421</subfield></datafield><datafield tag="866" ind1=" " ind2="0"><subfield code="z">CURRENT ISSUES IN: East Asian Library (Gest)</subfield><subfield code="8">22644585810006421</subfield></datafield><datafield tag="952" ind1=" " ind2=" "><subfield code="d">2026-02-24 17:54:50</subfield><subfield code="8">22644585810006421</subfield><subfield code="a">2021-07-13 03:29:58</subfield><subfield code="b">East Asian Library</subfield><subfield code="c">cjk: East Asian Library</subfield><subfield code="e">false</subfield></datafield><datafield tag="852" ind1="0" ind2=" "><subfield code="b">recap</subfield><subfield code="c">pa</subfield><subfield code="h">GF41</subfield><subfield code="i">.H83</subfield><subfield code="8">22644585330006421</subfield></datafield><datafield tag="866" ind1=" " ind2="0"><subfield code="a">No. 48 (2006)-no. 138 (2013)</subfield><subfield code="8">22644585330006421</subfield></datafield><datafield tag="952" ind1=" " ind2=" "><subfield code="d">2024-05-29 16:19:06</subfield><subfield code="8">22644585330006421</subfield><subfield code="a">2021-07-13 03:29:58</subfield><subfield code="b">ReCAP</subfield><subfield code="c">rcppa: RECAP</subfield><subfield code="e">false</subfield></datafield><datafield tag="876" ind1=" " ind2=" "><subfield code="0">22644585330006421</subfield><subfield code="j">1</subfield><subfield code="z">pa</subfield><subfield code="p">32101049620683</subfield><subfield code="t">1</subfield><subfield code="a">23644585100006421</subfield><subfield code="3">no.111-114 2011</subfield><subfield code="d">2013-02-24 19:00:00 US/Eastern</subfield><subfield code="q">2013-02-25 05:59:00 US/Eastern</subfield><subfield code="y">recap</subfield></datafield><datafield tag="876" ind1=" " ind2=" "><subfield code="0">22644585330006421</subfield><subfield code="j">1</subfield><subfield code="z">pa</subfield><subfield code="p">32101086209457</subfield><subfield code="t">1</subfield><subfield code="a">23644585110006421</subfield><subfield code="3">no.107-110 &amp; suppl. 2011</subfield><subfield code="d">2012-04-11 20:00:00 US/Eastern</subfield><subfield code="q">2012-04-12 06:59:00 US/Eastern</subfield><subfield code="y">recap</subfield></datafield><datafield tag="876" ind1=" " ind2=" "><subfield code="0">22644585810006421</subfield><subfield code="j">1</subfield><subfield code="z">cjk</subfield><subfield code="p">32101108679745</subfield><subfield code="a">23919044970006421</subfield><subfield code="3">2020 no. 1-6 </subfield><subfield code="d">2022-03-09 13:27:26 US/Eastern</subfield><subfield code="q">2022-03-09 13:27:40 US/Eastern</subfield><subfield code="y">eastasian</subfield></datafield><datafield tag="876" ind1=" " ind2=" "><subfield code="0">22644585810006421</subfield><subfield code="j">1</subfield><subfield code="z">cjk</subfield><subfield code="p">32101108679752</subfield><subfield code="a">23919044980006421</subfield><subfield code="3">2019 no. 7-12 </subfield><subfield code="d">2022-03-09 13:26:26 US/Eastern</subfield><subfield code="q">2022-03-09 13:26:40 US/Eastern</subfield><subfield code="y">eastasian</subfield></datafield><datafield tag="876" ind1=" " ind2=" "><subfield code="0">22644585810006421</subfield><subfield code="j">1</subfield><subfield code="z">cjk</subfield><subfield code="p">32101108679760</subfield><subfield code="a">23919044990006421</subfield><subfield code="3">2019 no. 1-6 </subfield><subfield code="d">2022-03-09 13:25:37 US/Eastern</subfield><subfield code="q">2022-03-09 13:25:51 US/Eastern</subfield><subfield code="y">eastasian</subfield></datafield><datafield tag="876" ind1=" " ind2=" "><subfield code="0">22644585330006421</subfield><subfield code="j">1</subfield><subfield code="z">pa</subfield><subfield code="p">32101065153288</subfield><subfield code="t">1</subfield><subfield code="a">23644585300006421</subfield><subfield code="3">no.59-62 2007</subfield><subfield code="d">2008-09-28 20:00:00 US/Eastern</subfield><subfield code="q">2008-09-29 06:59:00 US/Eastern</subfield><subfield code="y">recap</subfield></datafield><datafield tag="876" ind1=" " ind2=" "><subfield code="0">22644585330006421</subfield><subfield code="j">1</subfield><subfield code="z">pa</subfield><subfield code="p">32101065153270</subfield><subfield code="t">1</subfield><subfield code="a">23644585310006421</subfield><subfield code="3">no.51-54 2006</subfield><subfield code="d">2008-09-28 20:00:00 US/Eastern</subfield><subfield code="q">2008-09-29 06:59:00 US/Eastern</subfield><subfield code="y">recap</subfield></datafield><datafield tag="876" ind1=" " ind2=" "><subfield code="0">22644585330006421</subfield><subfield code="j">1</subfield><subfield code="z">pa</subfield><subfield code="p">32101075968279</subfield><subfield code="t">1</subfield><subfield code="a">23644585140006421</subfield><subfield code="3">no.91-94 2010</subfield><subfield code="d">2010-08-23 20:00:00 US/Eastern</subfield><subfield code="q">2010-08-24 06:59:00 US/Eastern</subfield><subfield code="y">recap</subfield></datafield><datafield tag="876" ind1=" " ind2=" "><subfield code="0">22644585330006421</subfield><subfield code="j">1</subfield><subfield code="z">pa</subfield><subfield code="p">32101075479236</subfield><subfield code="t">1</subfield><subfield code="a">23644585130006421</subfield><subfield code="3">no.103-106 2011</subfield><subfield code="d">2011-10-02 20:00:00 US/Eastern</subfield><subfield code="q">2011-10-03 06:59:00 US/Eastern</subfield><subfield code="y">recap</subfield></datafield><datafield tag="876" ind1=" " ind2=" "><subfield code="0">22644585330006421</subfield><subfield code="j">1</subfield><subfield code="z">pa</subfield><subfield code="p">32101075414431</subfield><subfield code="t">1</subfield><subfield code="a">23644585160006421</subfield><subfield code="3">no.83-86 2009</subfield><subfield code="d">2010-04-20 20:00:00 US/Eastern</subfield><subfield code="q">2010-04-21 06:59:00 US/Eastern</subfield><subfield code="y">recap</subfield></datafield><datafield tag="876" ind1=" " ind2=" "><subfield code="0">22644585330006421</subfield><subfield code="j">1</subfield><subfield code="z">pa</subfield><subfield code="p">32101072398645</subfield><subfield code="t">1</subfield><subfield code="a">23644585170006421</subfield><subfield code="3">no.79-82 2009</subfield><subfield code="d">2009-11-12 19:00:00 US/Eastern</subfield><subfield code="q">2009-11-13 05:59:00 US/Eastern</subfield><subfield code="y">recap</subfield></datafield><datafield tag="876" ind1=" " ind2=" "><subfield code="0">22644585330006421</subfield><subfield code="j">1</subfield><subfield code="z">pa</subfield><subfield code="p">32101072398637</subfield><subfield code="t">1</subfield><subfield code="a">23644585180006421</subfield><subfield code="3">no.75-78 2008</subfield><subfield code="d">2009-11-12 19:00:00 US/Eastern</subfield><subfield code="q">2009-11-13 05:59:00 US/Eastern</subfield><subfield code="y">recap</subfield></datafield><datafield tag="876" ind1=" " ind2=" "><subfield code="0">22644585330006421</subfield><subfield code="j">1</subfield><subfield code="z">pa</subfield><subfield code="p">32101072390659</subfield><subfield code="t">1</subfield><subfield code="a">23644585190006421</subfield><subfield code="3">no.71-74 2008</subfield><subfield code="d">2009-06-18 20:00:00 US/Eastern</subfield><subfield code="q">2009-06-19 06:59:00 US/Eastern</subfield><subfield code="y">recap</subfield></datafield><datafield tag="876" ind1=" " ind2=" "><subfield code="0">22644585330006421</subfield><subfield code="j">1</subfield><subfield code="z">pa</subfield><subfield code="p">32101075414852</subfield><subfield code="t">1</subfield><subfield code="a">23644585150006421</subfield><subfield code="3">suppl. 2009</subfield><subfield code="d">2010-04-21 20:00:00 US/Eastern</subfield><subfield code="q">2010-04-22 06:59:00 US/Eastern</subfield><subfield code="y">recap</subfield></datafield><datafield tag="876" ind1=" " ind2=" "><subfield code="0">22644585330006421</subfield><subfield code="j">1</subfield><subfield code="z">pa</subfield><subfield code="p">32101086209440</subfield><subfield code="t">1</subfield><subfield code="a">23644585120006421</subfield><subfield code="3">no.95-98 &amp; suppl. 2010</subfield><subfield code="d">2012-04-11 20:00:00 US/Eastern</subfield><subfield code="q">2012-04-12 06:59:00 US/Eastern</subfield><subfield code="y">recap</subfield></datafield><datafield tag="876" ind1=" " ind2=" "><subfield code="0">22644585810006421</subfield><subfield code="j">1</subfield><subfield code="z">cjk</subfield><subfield code="p">32101115420257</subfield><subfield code="a">23998618780006421</subfield><subfield code="3">2023 no. 7-12 </subfield><subfield code="d">2023-11-09 15:29:35 US/Eastern</subfield><subfield code="q">2024-05-29 12:19:41 US/Eastern</subfield><subfield code="y">eastasian</subfield></datafield><datafield tag="876" ind1=" " ind2=" "><subfield code="0">22644585810006421</subfield><subfield code="j">1</subfield><subfield code="z">cjk</subfield><subfield code="p">32101117976256</subfield><subfield code="a">23966744810006421</subfield><subfield code="3">2022 no. 7-12 </subfield><subfield code="d">2023-03-29 10:56:24 US/Eastern</subfield><subfield code="q">2023-03-29 10:56:38 US/Eastern</subfield><subfield code="y">eastasian</subfield></datafield><datafield tag="876" ind1=" " ind2=" "><subfield code="0">22644585810006421</subfield><subfield code="j">1</subfield><subfield code="z">cjk</subfield><subfield code="p">32101081183038</subfield><subfield code="t">1</subfield><subfield code="a">23644585490006421</subfield><subfield code="3">no.139-141 2014</subfield><subfield code="d">2014-07-28 20:00:00 US/Eastern</subfield><subfield code="q">2014-07-29 06:59:00 US/Eastern</subfield><subfield code="y">eastasian</subfield></datafield><datafield tag="876" ind1=" " ind2=" "><subfield code="0">22644585810006421</subfield><subfield code="j">1</subfield><subfield code="z">cjk</subfield><subfield code="p">32101080408741</subfield><subfield code="t">1</subfield><subfield code="a">23644585450006421</subfield><subfield code="3">no.151-153 2015</subfield><subfield code="d">2015-08-19 20:00:00 US/Eastern</subfield><subfield code="q">2015-08-20 06:59:00 US/Eastern</subfield><subfield code="y">eastasian</subfield></datafield><datafield tag="876" ind1=" " ind2=" "><subfield code="0">22644585810006421</subfield><subfield code="j">1</subfield><subfield code="z">cjk</subfield><subfield code="p">32101080397142</subfield><subfield code="t">1</subfield><subfield code="a">23644585470006421</subfield><subfield code="3">no.145-147 2014</subfield><subfield code="d">2015-01-15 19:00:00 US/Eastern</subfield><subfield code="q">2015-01-16 05:59:00 US/Eastern</subfield><subfield code="y">eastasian</subfield></datafield><datafield tag="876" ind1=" " ind2=" "><subfield code="0">22644585810006421</subfield><subfield code="j">1</subfield><subfield code="z">cjk</subfield><subfield code="p">32101100129111</subfield><subfield code="t">1</subfield><subfield code="a">23644585360006421</subfield><subfield code="3">no.179-182 2017</subfield><subfield code="d">2018-08-16 20:00:00 US/Eastern</subfield><subfield code="q">2018-08-17 06:59:00 US/Eastern</subfield><subfield code="y">eastasian</subfield></datafield><datafield tag="876" ind1=" " ind2=" "><subfield code="0">22644585330006421</subfield><subfield code="j">1</subfield><subfield code="z">pa</subfield><subfield code="p">32101066014000</subfield><subfield code="t">1</subfield><subfield code="a">23644585270006421</subfield><subfield code="3">no.67-70 2008</subfield><subfield code="d">2009-04-07 20:00:00 US/Eastern</subfield><subfield code="q">2009-04-08 06:59:00 US/Eastern</subfield><subfield code="y">recap</subfield></datafield><datafield tag="876" ind1=" " ind2=" "><subfield code="0">22644585330006421</subfield><subfield code="j">1</subfield><subfield code="z">pa</subfield><subfield code="p">32101065153296</subfield><subfield code="t">1</subfield><subfield code="a">23644585290006421</subfield><subfield code="3">no.63-66 2007</subfield><subfield code="d">2008-09-28 20:00:00 US/Eastern</subfield><subfield code="q">2008-09-29 06:59:00 US/Eastern</subfield><subfield code="y">recap</subfield></datafield><datafield tag="876" ind1=" " ind2=" "><subfield code="0">22644585810006421</subfield><subfield code="j">1</subfield><subfield code="z">cjk</subfield><subfield code="p">32101100129095</subfield><subfield code="t">1</subfield><subfield code="a">23644585340006421</subfield><subfield code="3">2018 no. 1-4 </subfield><subfield code="d">2018-08-16 20:00:00 US/Eastern</subfield><subfield code="q">2018-08-17 13:19:54 US/Eastern</subfield><subfield code="y">eastasian</subfield></datafield><datafield tag="876" ind1=" " ind2=" "><subfield code="0">22644585810006421</subfield><subfield code="j">1</subfield><subfield code="z">cjk</subfield><subfield code="p">32101100129145</subfield><subfield code="t">1</subfield><subfield code="a">23644585410006421</subfield><subfield code="3">no.167-170 2016</subfield><subfield code="d">2018-08-16 20:00:00 US/Eastern</subfield><subfield code="q">2018-08-17 06:59:00 US/Eastern</subfield><subfield code="y">eastasian</subfield></datafield><datafield tag="876" ind1=" " ind2=" "><subfield code="0">22644585330006421</subfield><subfield code="j">0</subfield><subfield code="x">LOAN</subfield><subfield code="z">pa</subfield><subfield code="p">32101065153262</subfield><subfield code="t">1</subfield><subfield code="a">23644585320006421</subfield><subfield code="3">no.48-50 2006</subfield><subfield code="d">2008-09-28 20:00:00 US/Eastern</subfield><subfield code="q">2008-09-29 06:59:00 US/Eastern</subfield><subfield code="y">recap</subfield></datafield><datafield tag="876" ind1=" " ind2=" "><subfield code="0">22644585810006421</subfield><subfield code="j">1</subfield><subfield code="z">cjk</subfield><subfield code="p">32101086737010</subfield><subfield code="t">1</subfield><subfield code="a">23644585500006421</subfield><subfield code="3">no.154-156 2015</subfield><subfield code="d">2015-12-07 19:00:00 US/Eastern</subfield><subfield code="q">2015-12-08 05:59:00 US/Eastern</subfield><subfield code="y">eastasian</subfield></datafield><datafield tag="876" ind1=" " ind2=" "><subfield code="0">22644585810006421</subfield><subfield code="j">1</subfield><subfield code="z">cjk</subfield><subfield code="p">32101095369425</subfield><subfield code="t">1</subfield><subfield code="a">23644585430006421</subfield><subfield code="3">no.163-166 2016</subfield><subfield code="d">2016-06-26 20:00:00 US/Eastern</subfield><subfield code="q">2016-06-27 06:59:00 US/Eastern</subfield><subfield code="y">eastasian</subfield></datafield><datafield tag="876" ind1=" " ind2=" "><subfield code="0">22644585810006421</subfield><subfield code="j">1</subfield><subfield code="z">cjk</subfield><subfield code="p">32101117976272</subfield><subfield code="a">23966744870006421</subfield><subfield code="3">2021 no. 7-12 </subfield><subfield code="d">2023-03-29 10:54:54 US/Eastern</subfield><subfield code="q">2023-03-29 10:55:05 US/Eastern</subfield><subfield code="y">eastasian</subfield></datafield><datafield tag="876" ind1=" " ind2=" "><subfield code="0">22644585810006421</subfield><subfield code="j">1</subfield><subfield code="z">cjk</subfield><subfield code="p">32101114086885</subfield><subfield code="a">23987789920006421</subfield><subfield code="3">2023 no. 1-6 </subfield><subfield code="d">2023-07-10 13:20:27 US/Eastern</subfield><subfield code="q">2023-11-09 15:28:03 US/Eastern</subfield><subfield code="y">eastasian</subfield></datafield><datafield tag="876" ind1=" " ind2=" "><subfield code="0">22644585810006421</subfield><subfield code="j">1</subfield><subfield code="z">cjk</subfield><subfield code="p">32101108679679</subfield><subfield code="a">23919045040006421</subfield><subfield code="3">2018 no. 5-8 </subfield><subfield code="d">2022-03-09 13:23:23 US/Eastern</subfield><subfield code="q">2022-03-09 13:23:44 US/Eastern</subfield><subfield code="y">eastasian</subfield></datafield><datafield tag="876" ind1=" " ind2=" "><subfield code="0">22644585330006421</subfield><subfield code="j">1</subfield><subfield code="z">pa</subfield><subfield code="p">32101093532461</subfield><subfield code="t">1</subfield><subfield code="a">23644585200006421</subfield><subfield code="3">no.136-138 2013</subfield><subfield code="d">2014-04-09 20:00:00 US/Eastern</subfield><subfield code="q">2014-04-10 06:59:00 US/Eastern</subfield><subfield code="y">recap</subfield></datafield><datafield tag="876" ind1=" " ind2=" "><subfield code="0">22644585330006421</subfield><subfield code="j">1</subfield><subfield code="z">pa</subfield><subfield code="p">32101088508419</subfield><subfield code="t">1</subfield><subfield code="a">23644585210006421</subfield><subfield code="3">no.125-126 2012</subfield><subfield code="d">2013-09-03 20:00:00 US/Eastern</subfield><subfield code="q">2013-09-04 06:59:00 US/Eastern</subfield><subfield code="y">recap</subfield></datafield><datafield tag="876" ind1=" " ind2=" "><subfield code="0">22644585330006421</subfield><subfield code="j">1</subfield><subfield code="z">pa</subfield><subfield code="p">32101088508401</subfield><subfield code="t">1</subfield><subfield code="a">23644585220006421</subfield><subfield code="3">no.122-124 2012</subfield><subfield code="d">2013-09-03 20:00:00 US/Eastern</subfield><subfield code="q">2013-09-04 06:59:00 US/Eastern</subfield><subfield code="y">recap</subfield></datafield><datafield tag="876" ind1=" " ind2=" "><subfield code="0">22644585330006421</subfield><subfield code="j">1</subfield><subfield code="z">pa</subfield><subfield code="p">32101093199394</subfield><subfield code="t">1</subfield><subfield code="a">23644585240006421</subfield><subfield code="3">no.133-135 2013</subfield><subfield code="d">2014-03-20 20:00:00 US/Eastern</subfield><subfield code="q">2014-03-21 06:59:00 US/Eastern</subfield><subfield code="y">recap</subfield></datafield><datafield tag="876" ind1=" " ind2=" "><subfield code="0">22644585330006421</subfield><subfield code="j">1</subfield><subfield code="z">pa</subfield><subfield code="p">32101093206231</subfield><subfield code="t">1</subfield><subfield code="a">23644585070006421</subfield><subfield code="3">no.130-132 2013</subfield><subfield code="d">2013-10-13 20:00:00 US/Eastern</subfield><subfield code="q">2013-10-14 06:59:00 US/Eastern</subfield><subfield code="y">recap</subfield></datafield><datafield tag="876" ind1=" " ind2=" "><subfield code="0">22644585810006421</subfield><subfield code="j">1</subfield><subfield code="z">cjk</subfield><subfield code="p">32101108679778</subfield><subfield code="a">23919045000006421</subfield><subfield code="3">2018 no. 9-12 </subfield><subfield code="d">2022-03-09 13:24:34 US/Eastern</subfield><subfield code="q">2022-03-09 13:24:51 US/Eastern</subfield><subfield code="y">eastasian</subfield></datafield><datafield tag="876" ind1=" " ind2=" "><subfield code="0">22644585330006421</subfield><subfield code="j">1</subfield><subfield code="z">pa</subfield><subfield code="p">32101090108257</subfield><subfield code="t">1</subfield><subfield code="a">23644585080006421</subfield><subfield code="3">no.127-129 2013</subfield><subfield code="d">2013-09-05 20:00:00 US/Eastern</subfield><subfield code="q">2013-09-06 06:59:00 US/Eastern</subfield><subfield code="y">recap</subfield></datafield><datafield tag="876" ind1=" " ind2=" "><subfield code="0">22644585330006421</subfield><subfield code="j">1</subfield><subfield code="z">pa</subfield><subfield code="p">32101088508393</subfield><subfield code="t">1</subfield><subfield code="a">23644585230006421</subfield><subfield code="3">no.119-121 2012</subfield><subfield code="d">2013-09-03 20:00:00 US/Eastern</subfield><subfield code="q">2013-09-04 06:59:00 US/Eastern</subfield><subfield code="y">recap</subfield></datafield><datafield tag="876" ind1=" " ind2=" "><subfield code="0">22644585330006421</subfield><subfield code="j">1</subfield><subfield code="z">pa</subfield><subfield code="p">32101075477891</subfield><subfield code="t">1</subfield><subfield code="a">23644585250006421</subfield><subfield code="3">no.99-102 2010</subfield><subfield code="d">2011-09-25 20:00:00 US/Eastern</subfield><subfield code="q">2011-09-26 06:59:00 US/Eastern</subfield><subfield code="y">recap</subfield></datafield><datafield tag="876" ind1=" " ind2=" "><subfield code="0">22644585810006421</subfield><subfield code="j">0</subfield><subfield code="x">TRANSIT</subfield><subfield code="z">cjk</subfield><subfield code="p">32101114066531</subfield><subfield code="a">231103849850006421</subfield><subfield code="3">2025 no. 1-6 </subfield><subfield code="d">2026-02-24 12:55:41 US/Eastern</subfield><subfield code="q">2026-02-24 12:56:54 US/Eastern</subfield><subfield code="y">eastasian</subfield></datafield><datafield tag="876" ind1=" " ind2=" "><subfield code="0">22644585330006421</subfield><subfield code="j">1</subfield><subfield code="z">pa</subfield><subfield code="p">32101082103217</subfield><subfield code="t">1</subfield><subfield code="a">23644585090006421</subfield><subfield code="3">no.115-118 2012</subfield><subfield code="d">2013-03-18 20:00:00 US/Eastern</subfield><subfield code="q">2013-03-19 06:59:00 US/Eastern</subfield><subfield code="y">recap</subfield></datafield><datafield tag="876" ind1=" " ind2=" "><subfield code="0">22644585810006421</subfield><subfield code="j">1</subfield><subfield code="z">cjk</subfield><subfield code="p">32101114064247</subfield><subfield code="a">231090553630006421</subfield><subfield code="3">2024 no. 7-12 </subfield><subfield code="d">2025-10-14 13:12:03 US/Eastern</subfield><subfield code="q">2025-10-14 13:12:40 US/Eastern</subfield><subfield code="y">eastasian</subfield></datafield><datafield tag="876" ind1=" " ind2=" "><subfield code="0">22644585810006421</subfield><subfield code="j">1</subfield><subfield code="z">cjk</subfield><subfield code="p">32101100129129</subfield><subfield code="t">1</subfield><subfield code="a">23644585390006421</subfield><subfield code="3">no.175-178 2017</subfield><subfield code="d">2018-08-16 20:00:00 US/Eastern</subfield><subfield code="q">2018-08-17 06:59:00 US/Eastern</subfield><subfield code="y">eastasian</subfield></datafield><datafield tag="876" ind1=" " ind2=" "><subfield code="0">22644585810006421</subfield><subfield code="j">1</subfield><subfield code="z">cjk</subfield><subfield code="p">32101117976280</subfield><subfield code="a">23966744910006421</subfield><subfield code="3">2021 no. 1-6 </subfield><subfield code="d">2023-03-29 10:54:07 US/Eastern</subfield><subfield code="q">2023-03-29 10:54:22 US/Eastern</subfield><subfield code="y">eastasian</subfield></datafield><datafield tag="876" ind1=" " ind2=" "><subfield code="0">22644585810006421</subfield><subfield code="j">1</subfield><subfield code="z">cjk</subfield><subfield code="p">32101117976264</subfield><subfield code="a">23966744860006421</subfield><subfield code="3">2022 no. 1-6 </subfield><subfield code="d">2023-03-29 10:55:37 US/Eastern</subfield><subfield code="q">2023-03-29 10:55:56 US/Eastern</subfield><subfield code="y">eastasian</subfield></datafield><datafield tag="876" ind1=" " ind2=" "><subfield code="0">22644585810006421</subfield><subfield code="j">1</subfield><subfield code="z">cjk</subfield><subfield code="p">32101081423707</subfield><subfield code="t">1</subfield><subfield code="a">23644585460006421</subfield><subfield code="3">no.148-150 2014</subfield><subfield code="d">2015-05-04 20:00:00 US/Eastern</subfield><subfield code="q">2015-05-05 06:59:00 US/Eastern</subfield><subfield code="y">eastasian</subfield></datafield><datafield tag="876" ind1=" " ind2=" "><subfield code="0">22644585810006421</subfield><subfield code="j">1</subfield><subfield code="z">cjk</subfield><subfield code="p">32101081189878</subfield><subfield code="t">1</subfield><subfield code="a">23644585480006421</subfield><subfield code="3">no.142-144 2014</subfield><subfield code="d">2014-10-30 20:00:00 US/Eastern</subfield><subfield code="q">2014-10-31 06:59:00 US/Eastern</subfield><subfield code="y">eastasian</subfield></datafield><datafield tag="876" ind1=" " ind2=" "><subfield code="0">22644585330006421</subfield><subfield code="j">1</subfield><subfield code="z">pa</subfield><subfield code="p">32101066003607</subfield><subfield code="t">1</subfield><subfield code="a">23644585280006421</subfield><subfield code="3">no.55-58 2007</subfield><subfield code="d">2008-10-29 20:00:00 US/Eastern</subfield><subfield code="q">2008-10-30 06:59:00 US/Eastern</subfield><subfield code="y">recap</subfield></datafield><datafield tag="876" ind1=" " ind2=" "><subfield code="0">22644585330006421</subfield><subfield code="j">1</subfield><subfield code="z">pa</subfield><subfield code="p">32101075966901</subfield><subfield code="t">1</subfield><subfield code="a">23644585260006421</subfield><subfield code="3">no.87-90 2009</subfield><subfield code="d">2010-08-16 20:00:00 US/Eastern</subfield><subfield code="q">2010-08-17 06:59:00 US/Eastern</subfield><subfield code="y">recap</subfield></datafield><datafield tag="876" ind1=" " ind2=" "><subfield code="0">22644585810006421</subfield><subfield code="j">1</subfield><subfield code="z">cjk</subfield><subfield code="p">32101100129103</subfield><subfield code="t">1</subfield><subfield code="a">23644585350006421</subfield><subfield code="3">no.183-186 2017</subfield><subfield code="d">2018-08-16 20:00:00 US/Eastern</subfield><subfield code="q">2018-08-17 06:59:00 US/Eastern</subfield><subfield code="y">eastasian</subfield></datafield><datafield tag="876" ind1=" " ind2=" "><subfield code="0">22644585810006421</subfield><subfield code="j">1</subfield><subfield code="z">cjk</subfield><subfield code="p">32101115428045</subfield><subfield code="a">231037038250006421</subfield><subfield code="3">2024 no. 1-6 </subfield><subfield code="d">2024-12-06 14:56:15 US/Eastern</subfield><subfield code="q">2024-12-06 14:56:29 US/Eastern</subfield><subfield code="y">eastasian</subfield></datafield><datafield tag="876" ind1=" " ind2=" "><subfield code="0">22644585810006421</subfield><subfield code="j">1</subfield><subfield code="z">cjk</subfield><subfield code="a">231100160040006421</subfield><subfield code="3">2025 no. 7-10 </subfield><subfield code="d">2026-01-14 08:55:00 US/Eastern</subfield><subfield code="q">2026-01-14 12:55:14 US/Eastern</subfield><subfield code="y">eastasian</subfield></datafield><datafield tag="876" ind1=" " ind2=" "><subfield code="0">22644585810006421</subfield><subfield code="j">1</subfield><subfield code="z">cjk</subfield><subfield code="p">32101108679737</subfield><subfield code="a">23919044960006421</subfield><subfield code="3">2020 no. 7-12 </subfield><subfield code="d">2022-03-09 13:28:28 US/Eastern</subfield><subfield code="q">2022-03-09 13:28:43 US/Eastern</subfield><subfield code="y">eastasian</subfield></datafield><datafield tag="876" ind1=" " ind2=" "><subfield code="0">22644585810006421</subfield><subfield code="j">1</subfield><subfield code="z">cjk</subfield><subfield code="p">32101100129137</subfield><subfield code="t">1</subfield><subfield code="a">23644585400006421</subfield><subfield code="3">no.171-174 2016</subfield><subfield code="d">2018-08-16 20:00:00 US/Eastern</subfield><subfield code="q">2018-08-17 06:59:00 US/Eastern</subfield><subfield code="y">eastasian</subfield></datafield><datafield tag="876" ind1=" " ind2=" "><subfield code="0">22644585810006421</subfield><subfield code="j">1</subfield><subfield code="z">cjk</subfield><subfield code="p">32101099682526</subfield><subfield code="t">1</subfield><subfield code="a">23644585420006421</subfield><subfield code="3">no.160-162 2015</subfield><subfield code="d">2016-07-11 20:00:00 US/Eastern</subfield><subfield code="q">2016-07-12 06:59:00 US/Eastern</subfield><subfield code="y">eastasian</subfield></datafield><datafield tag="876" ind1=" " ind2=" "><subfield code="0">22644585810006421</subfield><subfield code="j">1</subfield><subfield code="z">cjk</subfield><subfield code="p">32101095366637</subfield><subfield code="t">1</subfield><subfield code="a">23644585440006421</subfield><subfield code="3">no.157-159 2015</subfield><subfield code="d">2016-04-03 20:00:00 US/Eastern</subfield><subfield code="q">2016-04-04 06:59:00 US/Eastern</subfield><subfield code="y">eastasian</subfield></datafield></record>