<record><leader>03443cam a2200517 i 4500</leader><controlfield tag="005">20240725052904.0</controlfield><controlfield tag="008">240409s2024    nyu      b    001 0deng  </controlfield><controlfield tag="001">99130554030706421</controlfield><datafield tag="010" ind1=" " ind2=" "><subfield code="a">  2023044384</subfield></datafield><datafield tag="020" ind1=" " ind2=" "><subfield code="a">9780063273900</subfield><subfield code="q">hardcover</subfield></datafield><datafield tag="020" ind1=" " ind2=" "><subfield code="a">006327390X</subfield><subfield code="q">hardcover</subfield></datafield><datafield tag="020" ind1=" " ind2=" "><subfield code="a">9780063273894</subfield><subfield code="q">paperback</subfield></datafield><datafield tag="020" ind1=" " ind2=" "><subfield code="a">0063273896</subfield><subfield code="q">paperback</subfield></datafield><datafield tag="035" ind1=" " ind2=" "><subfield code="n">(MLS)7463520</subfield></datafield><datafield tag="035" ind1=" " ind2=" "><subfield code="a">(OCoLC)on1429140733</subfield></datafield><datafield tag="040" ind1=" " ind2=" "><subfield code="a">DLC</subfield><subfield code="b">eng</subfield><subfield code="e">rda</subfield><subfield code="c">FMG</subfield><subfield code="d">FMG</subfield><subfield code="d">OCLCO</subfield><subfield code="d">IKG</subfield><subfield code="d">IMD</subfield><subfield code="d">YDX</subfield><subfield code="d">OCLCO</subfield></datafield><datafield tag="050" ind1="0" ind2="0"><subfield code="a">RC552.H8</subfield><subfield code="b">C73 2024</subfield></datafield><datafield tag="060" ind1=" " ind2="4"><subfield code="a">WM 178</subfield></datafield><datafield tag="082" ind1="0" ind2="0"><subfield code="a">616.85/223</subfield><subfield code="2">23/eng/20240119</subfield></datafield><datafield tag="100" ind1="1" ind2=" "><subfield code="a">Crampton, Caroline,</subfield><subfield code="e">author.</subfield></datafield><datafield tag="245" ind1="1" ind2="2"><subfield code="a">A body made of glass :</subfield><subfield code="b">a history of hypochondria /</subfield><subfield code="c">Caroline Crampton.</subfield></datafield><datafield tag="250" ind1=" " ind2=" "><subfield code="a">First U.S. edition.</subfield></datafield><datafield tag="264" ind1=" " ind2="1"><subfield code="a">New York, NY :</subfield><subfield code="b">Ecco, an imprint of HarperCollinsPublishers,</subfield><subfield code="c">[2024]</subfield></datafield><datafield tag="300" ind1=" " ind2=" "><subfield code="a">321 pages ;</subfield><subfield code="c">22 cm.</subfield></datafield><datafield tag="336" ind1=" " ind2=" "><subfield code="a">text</subfield><subfield code="b">txt</subfield><subfield code="2">rdacontent</subfield></datafield><datafield tag="337" ind1=" " ind2=" "><subfield code="a">unmediated</subfield><subfield code="b">n</subfield><subfield code="2">rdamedia</subfield></datafield><datafield tag="338" ind1=" " ind2=" "><subfield code="a">volume</subfield><subfield code="b">nc</subfield><subfield code="2">rdacarrier</subfield></datafield><datafield tag="500" ind1=" " ind2=" "><subfield code="a">"A cultural history of hypochondria"--Cover</subfield></datafield><datafield tag="504" ind1=" " ind2=" "><subfield code="a">Includes bibliographical references (pages 285-310) and index.</subfield></datafield><datafield tag="520" ind1=" " ind2=" "><subfield code="a">"Part cultural history, part literary criticism, and part memoir, A Body Made of Glass is a definitive biography of hypochondria. Caroline Crampton's life was upended at the age of seventeen, when she was diagnosed with Hodgkin's lymphoma, a relatively rare blood cancer. After years of invasive treatment, she was finally given the all clear. But being cured of the cancer didn't mean she now felt well. Instead, the fear lingered, and she found herself always on the alert, braced for signs that the illness had reemerged. Now, in A Body Made of Glass, Crampton has drawn from her own experiences with health anxiety to write a revelatory exploration of hypochondria-a condition that, though often suffered silently, is widespread and rising. She deftly weaves together history, memoir, and literary criticism to make sense of this invisible and undercovered sickness. From the earliest medical case of Hippocrates to the literary accounts of sufferers like Virginia Woolf and Marcel Proust to the modern perils of Internet self-diagnosis, Crampton unspools this topic to reveal the far-reaching impact of health anxiety on our physical, mental, and emotional health. At its heart, Crampton explains, hypochondria is a yearning for knowledge. It is a never-ending attempt to replace the edgeless terror of uncertainty with the comforting solidity of a definitive explanation. Through intimate personal stories and compelling cultural perspective, A Body Made of Glass brings this uniquely ephemeral condition into much-needed focus for the first time"--</subfield><subfield code="c">Provided by publisher.</subfield></datafield><datafield tag="600" ind1="1" ind2="0"><subfield code="a">Crampton, Caroline</subfield><subfield code="x">Mental health.</subfield></datafield><datafield tag="600" ind1="1" ind2="0"><subfield code="a">Crampton, Caroline</subfield><subfield code="x">Health.</subfield></datafield><datafield tag="600" ind1="1" ind2="2"><subfield code="a">Crampton, Caroline.</subfield></datafield><datafield tag="650" ind1=" " ind2="0"><subfield code="a">Illness anxiety disorder</subfield><subfield code="v">Popular works.</subfield></datafield><datafield tag="650" ind1=" " ind2="0"><subfield code="a">Illness anxiety disorder</subfield><subfield code="x">History.</subfield></datafield><datafield tag="650" ind1=" " ind2="0"><subfield code="a">Illness anxiety disorder in literature.</subfield></datafield><datafield tag="650" ind1=" " ind2="2"><subfield code="a">Hypochondriasis</subfield><subfield code="x">history</subfield></datafield><datafield tag="650" ind1=" " ind2="6"><subfield code="a">Hypocondrie</subfield><subfield code="v">Ouvrages de vulgarisation.</subfield></datafield><datafield tag="650" ind1=" " ind2="6"><subfield code="a">Hypocondrie</subfield><subfield code="x">Histoire.</subfield></datafield><datafield tag="655" ind1=" " ind2="2"><subfield code="a">Popular Work</subfield></datafield><datafield tag="852" ind1=" " ind2=" "><subfield code="b">dixn</subfield></datafield><datafield tag="910" ind1=" " ind2=" "><subfield code="d">67542</subfield><subfield code="g">MIDWEST</subfield></datafield><datafield tag="914" ind1=" " ind2=" "><subfield code="a">(OCoLC)on1429140733</subfield><subfield code="b">OCoLC</subfield><subfield code="c">match</subfield><subfield code="d">20240717</subfield><subfield code="e">processed</subfield><subfield code="f">1429140733</subfield></datafield><datafield tag="980" ind1=" " ind2=" "><subfield code="a">20240501</subfield><subfield code="f">5315696</subfield><subfield code="h">B1202mon</subfield><subfield code="i">29.99</subfield><subfield code="j">29.73</subfield><subfield code="n">7463520</subfield></datafield><datafield tag="982" ind1=" " ind2=" "><subfield code="b">FY21</subfield><subfield code="n">2021</subfield><subfield code="q">32101119396560</subfield></datafield><datafield tag="986" ind1=" " ind2=" "><subfield code="h">RC552.H8</subfield><subfield code="i">C73 2024</subfield></datafield><datafield tag="950" ind1=" " ind2=" "><subfield code="c">2024-07-25 05:29:04 US/Eastern</subfield><subfield code="b">2024-05-02 08:53:16 US/Eastern</subfield><subfield code="a">false</subfield></datafield><datafield tag="852" ind1="0" ind2=" "><subfield code="b">firestone</subfield><subfield code="c">stacks</subfield><subfield code="h">RC552.H8</subfield><subfield code="i">C73 2024</subfield><subfield code="8">221017959830006421</subfield></datafield><datafield tag="952" ind1=" " ind2=" "><subfield code="d">2024-12-14 16:46:28</subfield><subfield code="8">221017959830006421</subfield><subfield code="a">2024-05-02 12:54:15</subfield><subfield code="b">Firestone Library</subfield><subfield code="c">stacks: Firestone Library</subfield><subfield code="e">false</subfield></datafield><datafield tag="876" ind1=" " ind2=" "><subfield code="0">221017959830006421</subfield><subfield code="j">0</subfield><subfield code="x">LOAN</subfield><subfield code="z">stacks</subfield><subfield code="p">32101119396560</subfield><subfield code="a">231017959820006421</subfield><subfield code="d">2024-05-02 08:54:15 US/Eastern</subfield><subfield code="q">2024-05-16 10:03:20 US/Eastern</subfield><subfield code="y">firestone</subfield></datafield></record>