<record><leader>01475cam a2200373 i 4500</leader><controlfield tag="005">20240718095839.0</controlfield><controlfield tag="008">820526c19801977nyu      b    000 0 eng  </controlfield><controlfield tag="001">99689733506421</controlfield><datafield tag="010" ind1=" " ind2=" "><subfield code="a">   79006667  </subfield></datafield><datafield tag="020" ind1=" " ind2=" "><subfield code="a">0405129017</subfield></datafield><datafield tag="035" ind1=" " ind2=" "><subfield code="a">(CStRLIN)NJPG82-B12593</subfield></datafield><datafield tag="035" ind1=" " ind2=" "><subfield code="9">AAN3559TS</subfield></datafield><datafield tag="035" ind1=" " ind2=" "><subfield code="a">(NjP)68973-princetondb</subfield></datafield><datafield tag="035" ind1=" " ind2=" "><subfield code="z">(NjP)Voyager68973</subfield></datafield><datafield tag="035" ind1=" " ind2=" "><subfield code="a">(OCoLC)ocm06087878</subfield></datafield><datafield tag="040" ind1=" " ind2=" "><subfield code="b">eng</subfield><subfield code="c">NjP</subfield></datafield><datafield tag="043" ind1=" " ind2=" "><subfield code="a">n-us---</subfield></datafield><datafield tag="050" ind1="0" ind2=" "><subfield code="a">PN1993.5.U6</subfield><subfield code="b">A83 1980</subfield></datafield><datafield tag="082" ind1=" " ind2=" "><subfield code="a">791.43/0973</subfield></datafield><datafield tag="100" ind1="1" ind2=" "><subfield code="a">Allen, Robert Clyde,</subfield><subfield code="d">1950-</subfield><subfield code="0">http://id.loc.gov/authorities/names/n80017027</subfield></datafield><datafield tag="245" ind1="1" ind2="0"><subfield code="a">Vaudeville and film, 1895-1915 :</subfield><subfield code="b">a study in media interaction /</subfield><subfield code="c">Robert C. Allen.</subfield></datafield><datafield tag="260" ind1=" " ind2=" "><subfield code="a">New York :</subfield><subfield code="b">Arno Press,</subfield><subfield code="c">1980, c1977.</subfield></datafield><datafield tag="300" ind1=" " ind2=" "><subfield code="a">334 p. ;</subfield><subfield code="c">24 cm.</subfield></datafield><datafield tag="440" ind1=" " ind2="0"><subfield code="a">Dissertations on film 1980</subfield></datafield><datafield tag="500" ind1=" " ind2=" "><subfield code="a">Originally presented as the author's thesis, University of Iowa.</subfield></datafield><datafield tag="504" ind1=" " ind2=" "><subfield code="a">Bibliography: p. 328-334.</subfield></datafield><datafield tag="650" ind1=" " ind2="0"><subfield code="a">Motion pictures</subfield><subfield code="z">United States</subfield><subfield code="x">History.</subfield><subfield code="0">http://id.loc.gov/authorities/subjects/sh2008108001</subfield></datafield><datafield tag="650" ind1=" " ind2="0"><subfield code="a">Silent films</subfield><subfield code="x">History and criticism.</subfield><subfield code="0">http://id.loc.gov/authorities/subjects/sh2008111665</subfield></datafield><datafield tag="650" ind1=" " ind2="0"><subfield code="a">Vaudeville</subfield><subfield code="z">United States.</subfield><subfield code="0">http://id.loc.gov/authorities/subjects/sh85142420</subfield></datafield><datafield tag="911" ind1=" " ind2=" "><subfield code="a">19931014</subfield></datafield><datafield tag="912" ind1=" " ind2=" "><subfield code="a">19931006000000.0</subfield></datafield><datafield tag="914" ind1=" " ind2=" "><subfield code="a">(OCoLC)ocm06087878</subfield><subfield code="b">OCoLC</subfield><subfield code="c">match</subfield><subfield code="d">20240710</subfield><subfield code="e">processed</subfield><subfield code="f">6087878</subfield></datafield><datafield tag="948" ind1=" " ind2=" "><subfield code="a">AACR2</subfield></datafield><datafield tag="998" ind1=" " ind2=" "><subfield code="a">10/06/93</subfield><subfield code="s">9110</subfield><subfield code="n">NjP</subfield><subfield code="w">DCLC796667B</subfield><subfield code="d">05/26/82</subfield><subfield code="c">KSG</subfield><subfield code="b">JPW</subfield><subfield code="i">931006</subfield><subfield code="l">NJPG</subfield></datafield><datafield tag="950" ind1=" " ind2=" "><subfield code="c">2025-06-13 04:11:12 US/Eastern</subfield><subfield code="b">2021-07-12 11:58:18 US/Eastern</subfield><subfield code="a">false</subfield></datafield><datafield tag="852" ind1="0" ind2="0"><subfield code="b">recap</subfield><subfield code="c">pa</subfield><subfield code="h">PN1993.5.U6</subfield><subfield code="i">A83 1980</subfield><subfield code="8">22519392310006421</subfield></datafield><datafield tag="952" ind1=" " ind2=" "><subfield code="d">2024-03-24 21:20:39</subfield><subfield code="8">22519392310006421</subfield><subfield code="a">2021-07-12 15:58:18</subfield><subfield code="b">ReCAP</subfield><subfield code="c">rcppa: RECAP</subfield><subfield code="e">false</subfield></datafield><datafield tag="876" ind1=" " ind2=" "><subfield code="0">22519392310006421</subfield><subfield code="j">0</subfield><subfield code="x">ILL</subfield><subfield code="z">IN_RS_REQ</subfield><subfield code="p">32101111162846</subfield><subfield code="t">1</subfield><subfield code="a">23519392280006421</subfield><subfield code="d">2000-06-12 20:00:00 US/Eastern</subfield><subfield code="q">2000-06-13 17:20:39 US/Eastern</subfield><subfield code="y">RES_SHARE</subfield></datafield></record>