<record><leader>01452cam a2200349 a 4500</leader><controlfield tag="005">20240606043926.0</controlfield><controlfield tag="008">900807s1989    gw b     s    001 0 eng d</controlfield><controlfield tag="001">995927513506421</controlfield><datafield tag="020" ind1=" " ind2=" "><subfield code="a">3515053751</subfield></datafield><datafield tag="035" ind1=" " ind2=" "><subfield code="a">(CStRLIN)NJPG90-B34016</subfield></datafield><datafield tag="035" ind1=" " ind2=" "><subfield code="9">ACS8809TS</subfield></datafield><datafield tag="035" ind1=" " ind2=" "><subfield code="a">(NjP)592751-princetondb</subfield></datafield><datafield tag="035" ind1=" " ind2=" "><subfield code="z">(NjP)Voyager592751</subfield></datafield><datafield tag="035" ind1=" " ind2=" "><subfield code="a">(OCoLC)ocm20650465</subfield></datafield><datafield tag="040" ind1=" " ind2=" "><subfield code="a">WU</subfield><subfield code="b">eng</subfield><subfield code="c">MiU</subfield><subfield code="d">MiU</subfield></datafield><datafield tag="041" ind1="0" ind2=" "><subfield code="a">eng</subfield><subfield code="h">chi</subfield></datafield><datafield tag="043" ind1=" " ind2=" "><subfield code="a">a-cc---</subfield></datafield><datafield tag="100" ind1="1" ind2=" "><subfield code="a">Hargett, James M.</subfield><subfield code="q">(James Morris),</subfield><subfield code="d">1948-</subfield><subfield code="0">http://id.loc.gov/authorities/names/n82243938</subfield></datafield><datafield tag="245" ind1="1" ind2="0"><subfield code="a">On the road in twelfth century China :</subfield><subfield code="b">the travel diaries of Fan Chengda (1126-1193) /</subfield><subfield code="c">James M. Hargett.</subfield></datafield><datafield tag="260" ind1=" " ind2=" "><subfield code="a">Stuttgart :</subfield><subfield code="b">Steiner Verlag Wiesbaden,</subfield><subfield code="c">1989.</subfield></datafield><datafield tag="300" ind1=" " ind2=" "><subfield code="a">xi, 343 p. :</subfield><subfield code="b">map ;</subfield><subfield code="c">24 cm.</subfield></datafield><datafield tag="440" ind1=" " ind2="0"><subfield code="a">Münchener ostasiatische Studien ;</subfield><subfield code="v">Bd. 52</subfield></datafield><datafield tag="504" ind1=" " ind2=" "><subfield code="a">Includes bibliographical references (p. 249-267)</subfield></datafield><datafield tag="500" ind1=" " ind2=" "><subfield code="a">Includes index.</subfield></datafield><datafield tag="600" ind1="1" ind2="0"><subfield code="a">Fan, Chengda,</subfield><subfield code="d">1126-1193</subfield><subfield code="x">Diaries.</subfield></datafield><datafield tag="600" ind1="1" ind2="0"><subfield code="a">Fan, Chengda,</subfield><subfield code="d">1126-1193</subfield><subfield code="x">Travel</subfield><subfield code="z">China.</subfield></datafield><datafield tag="651" ind1=" " ind2="0"><subfield code="a">China</subfield><subfield code="x">Description and travel.</subfield><subfield code="0">http://id.loc.gov/authorities/subjects/sh85024006</subfield></datafield><datafield tag="651" ind1=" " ind2="0"><subfield code="a">China</subfield><subfield code="x">History</subfield><subfield code="y">Jin dynasty, 1115-1234.</subfield><subfield code="0">http://id.loc.gov/authorities/subjects/sh85024070</subfield></datafield><datafield tag="911" ind1=" " ind2=" "><subfield code="a">19921028</subfield></datafield><datafield tag="912" ind1=" " ind2=" "><subfield code="a">19981014061435.0</subfield></datafield><datafield tag="914" ind1=" " ind2=" "><subfield code="a">(OCoLC)ocm20650465</subfield><subfield code="b">OCoLC</subfield><subfield code="c">match</subfield><subfield code="d">20240530</subfield><subfield code="e">processed</subfield><subfield code="f">20650465</subfield></datafield><datafield tag="998" ind1=" " ind2=" "><subfield code="a">08/07/90</subfield><subfield code="s">9114</subfield><subfield code="n">NjP</subfield><subfield code="w">MIUG90B11160</subfield><subfield code="d">08/07/90</subfield><subfield code="c">DF</subfield><subfield code="b">MYP</subfield><subfield code="i">900807</subfield><subfield code="l">NJPG</subfield></datafield><datafield tag="950" ind1=" " ind2=" "><subfield code="c">2024-06-06 04:39:26 US/Eastern</subfield><subfield code="b">2021-07-12 12:48:49 US/Eastern</subfield><subfield code="a">false</subfield></datafield><datafield tag="852" ind1="0" ind2="0"><subfield code="b">recap</subfield><subfield code="c">pa</subfield><subfield code="h">DS707</subfield><subfield code="i">.H37</subfield><subfield code="8">22528245760006421</subfield></datafield><datafield tag="952" ind1=" " ind2=" "><subfield code="d">2023-05-15 16:09:42</subfield><subfield code="8">22528245760006421</subfield><subfield code="a">2021-07-12 16:48:49</subfield><subfield code="b">ReCAP</subfield><subfield code="c">rcppa: RECAP</subfield><subfield code="e">false</subfield></datafield><datafield tag="876" ind1=" " ind2=" "><subfield code="0">22528245760006421</subfield><subfield code="j">0</subfield><subfield code="x">ILL</subfield><subfield code="z">IN_RS_REQ</subfield><subfield code="p">32101118394772</subfield><subfield code="t">1</subfield><subfield code="a">23528245750006421</subfield><subfield code="d">2000-06-12 20:00:00 US/Eastern</subfield><subfield code="q">2000-06-13 12:09:41 US/Eastern</subfield><subfield code="y">RES_SHARE</subfield></datafield></record>