<record><leader>02317cas a2200493 a 4500</leader><controlfield tag="005">20241115133549.0</controlfield><controlfield tag="008">970508c19959999cc mr p       0   e0chi d</controlfield><controlfield tag="001">9931514213506421</controlfield><datafield tag="019" ind1=" " ind2=" "><subfield code="a">33431271</subfield><subfield code="a">145402280</subfield></datafield><datafield tag="022" ind1=" " ind2=" "><subfield code="a">0529-1445</subfield></datafield><datafield tag="022" ind1=" " ind2=" "><subfield code="z">1002-3216</subfield></datafield><datafield tag="035" ind1=" " ind2=" "><subfield code="a">(CStRLIN)NJPX97-S166</subfield></datafield><datafield tag="035" ind1=" " ind2=" "><subfield code="a">(NjP)3151421-princetondb</subfield></datafield><datafield tag="035" ind1=" " ind2=" "><subfield code="z">(OCoLC)33431271</subfield><subfield code="z">(OCoLC)145402280</subfield></datafield><datafield tag="035" ind1=" " ind2=" "><subfield code="a">(OCoLC)ocm03084857</subfield></datafield><datafield tag="035" ind1=" " ind2=" "><subfield code="z">(NjP)Voyager3151421</subfield></datafield><datafield tag="040" ind1=" " ind2=" "><subfield code="a">CaBVaU</subfield><subfield code="b">eng</subfield><subfield code="c">CaBVaU</subfield><subfield code="d">MiU-A</subfield><subfield code="d">ICU-FE</subfield><subfield code="d">NjP-G</subfield><subfield code="d">CStRLIN</subfield><subfield code="d">NjP-G</subfield></datafield><datafield tag="043" ind1=" " ind2=" "><subfield code="a">a-cc---</subfield></datafield><datafield tag="066" ind1=" " ind2=" "><subfield code="c">$1</subfield></datafield><datafield tag="090" ind1=" " ind2=" "><subfield code="a">AP95.C4</subfield><subfield code="b">H7811</subfield></datafield><datafield tag="130" ind1="0" ind2=" "><subfield code="6">880-01</subfield><subfield code="a">Qian xian (Beijing : 1995)</subfield></datafield><datafield tag="880" ind1="0" ind2=" "><subfield code="6">130-01/$1</subfield><subfield code="a">前线 (Beijing : 1995)</subfield></datafield><datafield tag="245" ind1="1" ind2="0"><subfield code="6">880-02</subfield><subfield code="a">Qian xian /</subfield><subfield code="c">[Zhong gong Beijing Shi wei zhu ban].</subfield></datafield><datafield tag="880" ind1="1" ind2="0"><subfield code="6">245-02/$1</subfield><subfield code="a">前线 /</subfield><subfield code="c">[中共北京市委主办].</subfield></datafield><datafield tag="246" ind1="1" ind2="3"><subfield code="a">Qianxian</subfield></datafield><datafield tag="260" ind1=" " ind2=" "><subfield code="6">880-03</subfield><subfield code="a">Beijing Shi :b"Qian xian" za zhi she,</subfield><subfield code="c">1995-</subfield></datafield><datafield tag="880" ind1=" " ind2=" "><subfield code="6">260-03/$1</subfield><subfield code="a">北京市 :</subfield><subfield code="b">《前线》杂志社,</subfield><subfield code="c">1995-</subfield></datafield><datafield tag="300" ind1=" " ind2=" "><subfield code="a">v. :</subfield><subfield code="b">ill. ;</subfield><subfield code="c">29 cm.</subfield></datafield><datafield tag="310" ind1=" " ind2=" "><subfield code="a">Monthly</subfield></datafield><datafield tag="362" ind1="0" ind2=" "><subfield code="6">880-04</subfield><subfield code="a">1995, 1- = Zong di 1 qi-</subfield></datafield><datafield tag="880" ind1="0" ind2=" "><subfield code="6">362-04/$1</subfield><subfield code="a">1995, 1- = 总第1期-</subfield></datafield><datafield tag="580" ind1=" " ind2=" "><subfield code="a">Formed by the union of: Xuan xi yu yan jiu, and: Zhen di.</subfield></datafield><datafield tag="610" ind1="2" ind2="0"><subfield code="6">880-05</subfield><subfield code="a">Zhongguo gong chan dang</subfield><subfield code="x">Party work</subfield><subfield code="x">Periodicals.</subfield></datafield><datafield tag="880" ind1="2" ind2="4"><subfield code="6">610-05/$1</subfield><subfield code="a">中国共产党</subfield><subfield code="x">Party work</subfield><subfield code="v">Periodicals.</subfield></datafield><datafield tag="650" ind1=" " ind2="0"><subfield code="a">Communism</subfield><subfield code="z">China</subfield><subfield code="v">Periodicals.</subfield><subfield code="0">http://id.loc.gov/authorities/subjects/sh2009120915</subfield></datafield><datafield tag="655" ind1=" " ind2="7"><subfield code="a">Periodicals.</subfield><subfield code="2">lcgft</subfield><subfield code="0">http://id.loc.gov/authorities/genreForms/gf2014026139</subfield></datafield><datafield tag="710" ind1="2" ind2=" "><subfield code="6">880-06</subfield><subfield code="a">Zhong gong Beijing Shi wei.</subfield><subfield code="0">http://id.loc.gov/authorities/names/n82127952</subfield></datafield><datafield tag="880" ind1="2" ind2=" "><subfield code="6">710-06/$1</subfield><subfield code="a">中共北京市委.</subfield></datafield><datafield tag="780" ind1="1" ind2="4"><subfield code="6">880-07</subfield><subfield code="t">Xue xi yu yan jiu</subfield></datafield><datafield tag="880" ind1="1" ind2="4"><subfield code="6">780-07/$1</subfield><subfield code="t">学习与研究</subfield></datafield><datafield tag="780" ind1="1" ind2="4"><subfield code="6">880-08</subfield><subfield code="t">Zhen di</subfield></datafield><datafield tag="880" ind1="1" ind2="4"><subfield code="6">780-08/$1</subfield><subfield code="t">阵地</subfield></datafield><datafield tag="852" ind1=" " ind2=" "><subfield code="a">NjP-G</subfield><subfield code="b">C</subfield><subfield code="h">AP95.C4</subfield><subfield code="i">H7811</subfield><subfield code="x">c.1 (no.1-6 1995) CNPITC 4-10-96. 32101032803437</subfield><subfield code="x">c.1 (no.7-18 1996) 32101033230135</subfield><subfield code="x">CIN=CSW; OID=sml</subfield><subfield code="z">Library has: No.1 (1995)-54 (1999)</subfield></datafield><datafield tag="914" ind1=" " ind2=" "><subfield code="a">(OCoLC)ocm03084857</subfield><subfield code="b">OCoLC</subfield><subfield code="c">match</subfield><subfield code="d">20221117</subfield><subfield code="e">processed</subfield><subfield code="f">3084857</subfield></datafield><datafield tag="950" ind1=" " ind2=" "><subfield code="c">2024-11-15 13:35:49 US/Eastern</subfield><subfield code="b">2021-07-12 12:36:17 US/Eastern</subfield><subfield code="a">false</subfield></datafield><datafield tag="852" ind1="0" ind2=" "><subfield code="b">eastasian</subfield><subfield code="c">cjk</subfield><subfield code="h">AP95.C4</subfield><subfield code="i">H7811</subfield><subfield code="8">22525934780006421</subfield></datafield><datafield tag="866" ind1=" " ind2="0"><subfield code="a">2014 no 1-2024 no. 12</subfield><subfield code="8">22525934780006421</subfield></datafield><datafield tag="866" ind1=" " ind2="0"><subfield code="a">LACKS: 2019 no. 6, 10; 2020 no. 2, 12</subfield><subfield code="8">22525934780006421</subfield></datafield><datafield tag="866" ind1=" " ind2="0"><subfield code="z">CURRENT ISSUES IN: East Asian Library (Gest)</subfield><subfield code="8">22525934780006421</subfield></datafield><datafield tag="952" ind1=" " ind2=" "><subfield code="d">2025-10-28 18:23:54</subfield><subfield code="8">22525934780006421</subfield><subfield code="a">2021-07-12 16:36:17</subfield><subfield code="b">East Asian Library</subfield><subfield code="c">cjk: East Asian Library</subfield><subfield code="e">false</subfield></datafield><datafield tag="852" ind1="0" ind2=" "><subfield code="b">recap</subfield><subfield code="c">pa</subfield><subfield code="h">AP95.C4</subfield><subfield code="i">H7811</subfield><subfield code="8">22525934360006421</subfield></datafield><datafield tag="866" ind1=" " ind2="0"><subfield code="a">No. 1 (1995)-no. 192 (2011)</subfield><subfield code="8">22525934360006421</subfield></datafield><datafield tag="866" ind1=" " ind2="0"><subfield code="a">2000-2005; 2011 no. 7-2013 no.12</subfield><subfield code="8">22525934360006421</subfield></datafield><datafield tag="952" ind1=" " ind2=" "><subfield code="d">2024-11-15 18:41:03</subfield><subfield code="8">22525934360006421</subfield><subfield code="a">2021-07-12 16:36:17</subfield><subfield code="b">ReCAP</subfield><subfield code="c">rcppa: RECAP</subfield><subfield code="e">false</subfield></datafield><datafield tag="876" ind1=" " ind2=" "><subfield code="0">22525934780006421</subfield><subfield code="j">1</subfield><subfield code="z">cjk</subfield><subfield code="p">32101110384730</subfield><subfield code="a">23922201690006421</subfield><subfield code="3">2019 no. 1-5 </subfield><subfield code="d">2022-03-28 13:43:43 US/Eastern</subfield><subfield code="q">2022-03-28 13:44:06 US/Eastern</subfield><subfield code="y">eastasian</subfield></datafield><datafield tag="876" ind1=" " ind2=" "><subfield code="0">22525934780006421</subfield><subfield code="j">1</subfield><subfield code="z">cjk</subfield><subfield code="p">32101110384722</subfield><subfield code="a">23922201670006421</subfield><subfield code="3">2019 no. 7-9, 11-12 </subfield><subfield code="d">2022-03-28 13:45:38 US/Eastern</subfield><subfield code="q">2022-03-28 13:46:37 US/Eastern</subfield><subfield code="y">eastasian</subfield></datafield><datafield tag="876" ind1=" " ind2=" "><subfield code="0">22525934780006421</subfield><subfield code="j">1</subfield><subfield code="z">cjk</subfield><subfield code="p">32101114089657</subfield><subfield code="a">231003746350006421</subfield><subfield code="3">2022 no. 1-6 </subfield><subfield code="d">2022-12-05 19:00:00 US/Eastern</subfield><subfield code="q">2023-12-27 11:03:20 US/Eastern</subfield><subfield code="y">eastasian</subfield></datafield><datafield tag="876" ind1=" " ind2=" "><subfield code="0">22525934780006421</subfield><subfield code="j">1</subfield><subfield code="z">cjk</subfield><subfield code="p">32101110493549</subfield><subfield code="a">23936511110006421</subfield><subfield code="3">2020 no. 1, 3-6 </subfield><subfield code="d">2020-10-06 20:00:00 US/Eastern</subfield><subfield code="q">2022-07-15 14:13:33 US/Eastern</subfield><subfield code="y">eastasian</subfield></datafield><datafield tag="876" ind1=" " ind2=" "><subfield code="0">22525934780006421</subfield><subfield code="j">1</subfield><subfield code="z">cjk</subfield><subfield code="p">32101110493507</subfield><subfield code="a">23936511100006421</subfield><subfield code="3">2020 no. 7-11 </subfield><subfield code="d">2022-07-15 14:14:20 US/Eastern</subfield><subfield code="q">2022-07-15 14:14:42 US/Eastern</subfield><subfield code="y">eastasian</subfield></datafield><datafield tag="876" ind1=" " ind2=" "><subfield code="0">22525934360006421</subfield><subfield code="j">1</subfield><subfield code="z">pa</subfield><subfield code="p">32101075341659</subfield><subfield code="t">1</subfield><subfield code="a">23525934120006421</subfield><subfield code="3">no.151-162 2008</subfield><subfield code="d">2009-12-08 19:00:00 US/Eastern</subfield><subfield code="q">2009-12-09 05:59:00 US/Eastern</subfield><subfield code="y">recap</subfield></datafield><datafield tag="876" ind1=" " ind2=" "><subfield code="0">22525934360006421</subfield><subfield code="j">1</subfield><subfield code="z">pa</subfield><subfield code="p">32101080980814</subfield><subfield code="t">1</subfield><subfield code="a">23525934300006421</subfield><subfield code="3">no.43-54 1999</subfield><subfield code="d">2000-12-12 19:00:00 US/Eastern</subfield><subfield code="q">2000-12-13 05:59:00 US/Eastern</subfield><subfield code="y">recap</subfield></datafield><datafield tag="876" ind1=" " ind2=" "><subfield code="0">22525934360006421</subfield><subfield code="j">1</subfield><subfield code="z">pa</subfield><subfield code="p">32101075463065</subfield><subfield code="t">1</subfield><subfield code="a">23525934230006421</subfield><subfield code="3">no.175-180 2010</subfield><subfield code="d">2011-07-27 20:00:00 US/Eastern</subfield><subfield code="q">2011-07-28 06:59:00 US/Eastern</subfield><subfield code="y">recap</subfield></datafield><datafield tag="876" ind1=" " ind2=" "><subfield code="0">22525934360006421</subfield><subfield code="j">1</subfield><subfield code="z">pa</subfield><subfield code="p">32101081845636</subfield><subfield code="t">1</subfield><subfield code="a">23525934210006421</subfield><subfield code="3">no.187-192 2011</subfield><subfield code="d">2012-01-15 19:00:00 US/Eastern</subfield><subfield code="q">2012-01-16 05:59:00 US/Eastern</subfield><subfield code="y">recap</subfield></datafield><datafield tag="876" ind1=" " ind2=" "><subfield code="0">22525934360006421</subfield><subfield code="j">1</subfield><subfield code="z">pa</subfield><subfield code="p">32101086660931</subfield><subfield code="t">1</subfield><subfield code="a">23525934160006421</subfield><subfield code="3">2013 no.7-9</subfield><subfield code="d">2014-07-20 20:00:00 US/Eastern</subfield><subfield code="q">2014-07-21 06:59:00 US/Eastern</subfield><subfield code="y">recap</subfield></datafield><datafield tag="876" ind1=" " ind2=" "><subfield code="0">22525934780006421</subfield><subfield code="j">1</subfield><subfield code="z">cjk</subfield><subfield code="p">32101114064718</subfield><subfield code="a">231091245860006421</subfield><subfield code="3">2024 no. 7-12 </subfield><subfield code="d">2025-10-28 14:24:20 US/Eastern</subfield><subfield code="q">2025-10-28 14:24:46 US/Eastern</subfield><subfield code="y">eastasian</subfield></datafield><datafield tag="876" ind1=" " ind2=" "><subfield code="0">22525934360006421</subfield><subfield code="j">1</subfield><subfield code="z">pa</subfield><subfield code="p">32101043133824</subfield><subfield code="t">1</subfield><subfield code="a">23525934140006421</subfield><subfield code="3">2001</subfield><subfield code="d">2002-08-13 20:00:00 US/Eastern</subfield><subfield code="q">2002-08-14 06:59:00 US/Eastern</subfield><subfield code="y">recap</subfield></datafield><datafield tag="876" ind1=" " ind2=" "><subfield code="0">22525934780006421</subfield><subfield code="j">1</subfield><subfield code="z">cjk</subfield><subfield code="p">32101114088287</subfield><subfield code="a">231002623610006421</subfield><subfield code="3">2022 no. 7-12 </subfield><subfield code="d">2023-12-05 13:19:12 US/Eastern</subfield><subfield code="q">2023-12-05 13:19:28 US/Eastern</subfield><subfield code="y">eastasian</subfield></datafield><datafield tag="876" ind1=" " ind2=" "><subfield code="0">22525934360006421</subfield><subfield code="j">1</subfield><subfield code="z">pa</subfield><subfield code="p">32101093199808</subfield><subfield code="t">1</subfield><subfield code="a">23525934100006421</subfield><subfield code="3">2013 no.1-6</subfield><subfield code="d">2014-03-24 20:00:00 US/Eastern</subfield><subfield code="q">2014-03-25 06:59:00 US/Eastern</subfield><subfield code="y">recap</subfield></datafield><datafield tag="876" ind1=" " ind2=" "><subfield code="0">22525934780006421</subfield><subfield code="j">1</subfield><subfield code="z">cjk</subfield><subfield code="p">32101114088279</subfield><subfield code="a">231002623670006421</subfield><subfield code="3">2023 no. 1-6 </subfield><subfield code="d">2023-12-05 13:17:00 US/Eastern</subfield><subfield code="q">2023-12-05 13:18:28 US/Eastern</subfield><subfield code="y">eastasian</subfield></datafield><datafield tag="876" ind1=" " ind2=" "><subfield code="0">22525934780006421</subfield><subfield code="j">1</subfield><subfield code="z">cjk</subfield><subfield code="p">32101095365688</subfield><subfield code="t">1</subfield><subfield code="a">23525934450006421</subfield><subfield code="3">2015 no.7-9</subfield><subfield code="d">2016-03-21 20:00:00 US/Eastern</subfield><subfield code="q">2016-03-22 06:59:00 US/Eastern</subfield><subfield code="y">eastasian</subfield></datafield><datafield tag="876" ind1=" " ind2=" "><subfield code="0">22525934360006421</subfield><subfield code="j">1</subfield><subfield code="z">pa</subfield><subfield code="p">32101090108463</subfield><subfield code="t">1</subfield><subfield code="a">23525934180006421</subfield><subfield code="3">2012 no.7-12</subfield><subfield code="d">2013-09-05 20:00:00 US/Eastern</subfield><subfield code="q">2013-09-06 06:59:00 US/Eastern</subfield><subfield code="y">recap</subfield></datafield><datafield tag="876" ind1=" " ind2=" "><subfield code="0">22525934360006421</subfield><subfield code="j">1</subfield><subfield code="z">pa</subfield><subfield code="p">32101063682783</subfield><subfield code="t">1</subfield><subfield code="a">23525934250006421</subfield><subfield code="3">no.139-150 2007</subfield><subfield code="d">2008-06-26 20:00:00 US/Eastern</subfield><subfield code="q">2008-06-27 06:59:00 US/Eastern</subfield><subfield code="y">recap</subfield></datafield><datafield tag="876" ind1=" " ind2=" "><subfield code="0">22525934360006421</subfield><subfield code="j">1</subfield><subfield code="z">pa</subfield><subfield code="p">32101059159093</subfield><subfield code="t">1</subfield><subfield code="a">23525934270006421</subfield><subfield code="3">2005</subfield><subfield code="d">2007-01-08 19:00:00 US/Eastern</subfield><subfield code="q">2007-01-09 05:59:00 US/Eastern</subfield><subfield code="y">recap</subfield></datafield><datafield tag="876" ind1=" " ind2=" "><subfield code="0">22525934360006421</subfield><subfield code="j">1</subfield><subfield code="z">pa</subfield><subfield code="p">32101048736720</subfield><subfield code="t">1</subfield><subfield code="a">23525934290006421</subfield><subfield code="3">2002</subfield><subfield code="d">2003-07-07 20:00:00 US/Eastern</subfield><subfield code="q">2003-07-08 06:59:00 US/Eastern</subfield><subfield code="y">recap</subfield></datafield><datafield tag="876" ind1=" " ind2=" "><subfield code="0">22525934780006421</subfield><subfield code="j">1</subfield><subfield code="z">cjk</subfield><subfield code="p">32101097837510</subfield><subfield code="t">1</subfield><subfield code="a">23525934410006421</subfield><subfield code="3">2016 no.7-12</subfield><subfield code="d">2019-02-05 19:00:00 US/Eastern</subfield><subfield code="q">2019-02-06 05:59:00 US/Eastern</subfield><subfield code="y">eastasian</subfield></datafield><datafield tag="876" ind1=" " ind2=" "><subfield code="0">22525934360006421</subfield><subfield code="j">1</subfield><subfield code="z">pa</subfield><subfield code="p">32101080980798</subfield><subfield code="t">1</subfield><subfield code="a">23525934320006421</subfield><subfield code="3">no.19-30 1997</subfield><subfield code="d">2000-06-12 20:00:00 US/Eastern</subfield><subfield code="q">2000-06-13 06:59:00 US/Eastern</subfield><subfield code="y">recap</subfield></datafield><datafield tag="876" ind1=" " ind2=" "><subfield code="0">22525934780006421</subfield><subfield code="j">1</subfield><subfield code="z">cjk</subfield><subfield code="p">32101080402504</subfield><subfield code="t">1</subfield><subfield code="a">23525934470006421</subfield><subfield code="3">2014 no.9-12</subfield><subfield code="d">2015-04-13 20:00:00 US/Eastern</subfield><subfield code="q">2015-04-14 06:59:00 US/Eastern</subfield><subfield code="y">eastasian</subfield></datafield><datafield tag="876" ind1=" " ind2=" "><subfield code="0">22525934780006421</subfield><subfield code="j">1</subfield><subfield code="z">cjk</subfield><subfield code="p">32101086666771</subfield><subfield code="t">1</subfield><subfield code="a">23525934490006421</subfield><subfield code="3">2014 no.1-4</subfield><subfield code="d">2014-10-09 20:00:00 US/Eastern</subfield><subfield code="q">2014-10-10 06:59:00 US/Eastern</subfield><subfield code="y">eastasian</subfield></datafield><datafield tag="876" ind1=" " ind2=" "><subfield code="0">22525934780006421</subfield><subfield code="j">1</subfield><subfield code="z">cjk</subfield><subfield code="p">32101097837486</subfield><subfield code="t">1</subfield><subfield code="a">23525934380006421</subfield><subfield code="3">2017 no.9-12</subfield><subfield code="d">2019-02-05 19:00:00 US/Eastern</subfield><subfield code="q">2019-02-06 05:59:00 US/Eastern</subfield><subfield code="y">eastasian</subfield></datafield><datafield tag="876" ind1=" " ind2=" "><subfield code="0">22525934780006421</subfield><subfield code="j">1</subfield><subfield code="z">cjk</subfield><subfield code="p">32101099722538</subfield><subfield code="t">1</subfield><subfield code="a">23525934430006421</subfield><subfield code="3">2015 no.10-12</subfield><subfield code="d">2016-06-05 20:00:00 US/Eastern</subfield><subfield code="q">2016-06-06 06:59:00 US/Eastern</subfield><subfield code="y">eastasian</subfield></datafield><datafield tag="876" ind1=" " ind2=" "><subfield code="0">22525934780006421</subfield><subfield code="j">1</subfield><subfield code="z">cjk</subfield><subfield code="p">32101115424622</subfield><subfield code="a">231016161580006421</subfield><subfield code="3">2024 no. 1-6 </subfield><subfield code="d">2024-04-09 11:04:37 US/Eastern</subfield><subfield code="q">2024-08-05 15:56:02 US/Eastern</subfield><subfield code="y">eastasian</subfield></datafield><datafield tag="876" ind1=" " ind2=" "><subfield code="0">22525934780006421</subfield><subfield code="j">1</subfield><subfield code="z">cjk</subfield><subfield code="p">32101110493499</subfield><subfield code="a">23936511090006421</subfield><subfield code="3">2021 no. 7-12 </subfield><subfield code="d">2021-09-19 20:00:00 US/Eastern</subfield><subfield code="q">2022-07-15 14:15:44 US/Eastern</subfield><subfield code="y">eastasian</subfield></datafield><datafield tag="876" ind1=" " ind2=" "><subfield code="0">22525934780006421</subfield><subfield code="j">1</subfield><subfield code="z">cjk</subfield><subfield code="p">32101110493481</subfield><subfield code="a">23936511080006421</subfield><subfield code="3">2021 no. 1-6 </subfield><subfield code="d">2021-09-19 20:00:00 US/Eastern</subfield><subfield code="q">2022-07-15 14:17:10 US/Eastern</subfield><subfield code="y">eastasian</subfield></datafield><datafield tag="876" ind1=" " ind2=" "><subfield code="0">22525934780006421</subfield><subfield code="j">1</subfield><subfield code="z">cjk</subfield><subfield code="p">32101110384748</subfield><subfield code="a">23922201700006421</subfield><subfield code="3">2018 no. 9-12 </subfield><subfield code="d">2022-03-28 13:42:10 US/Eastern</subfield><subfield code="q">2022-03-28 13:42:30 US/Eastern</subfield><subfield code="y">eastasian</subfield></datafield><datafield tag="876" ind1=" " ind2=" "><subfield code="0">22525934780006421</subfield><subfield code="j">1</subfield><subfield code="z">cjk</subfield><subfield code="p">32101110384755</subfield><subfield code="a">23922201710006421</subfield><subfield code="3">2018 no. 5-8 </subfield><subfield code="d">2022-03-28 13:41:00 US/Eastern</subfield><subfield code="q">2022-03-28 13:41:20 US/Eastern</subfield><subfield code="y">eastasian</subfield></datafield><datafield tag="876" ind1=" " ind2=" "><subfield code="0">22525934360006421</subfield><subfield code="j">1</subfield><subfield code="z">pa</subfield><subfield code="p">32101049805466</subfield><subfield code="t">1</subfield><subfield code="a">23525934130006421</subfield><subfield code="3">2003</subfield><subfield code="d">2004-05-31 20:00:00 US/Eastern</subfield><subfield code="q">2004-06-01 06:59:00 US/Eastern</subfield><subfield code="y">recap</subfield></datafield><datafield tag="876" ind1=" " ind2=" "><subfield code="0">22525934780006421</subfield><subfield code="j">1</subfield><subfield code="z">cjk</subfield><subfield code="p">32101115486902</subfield><subfield code="a">231002623730006421</subfield><subfield code="3">2023 no. 7-12 </subfield><subfield code="d">2023-12-05 13:15:15 US/Eastern</subfield><subfield code="q">2024-04-09 10:56:53 US/Eastern</subfield><subfield code="y">eastasian</subfield></datafield><datafield tag="876" ind1=" " ind2=" "><subfield code="0">22525934360006421</subfield><subfield code="j">1</subfield><subfield code="z">pa</subfield><subfield code="p">32101075463073</subfield><subfield code="t">1</subfield><subfield code="a">23525934220006421</subfield><subfield code="3">no.181-186 &amp; special issue. 2010</subfield><subfield code="d">2011-07-27 20:00:00 US/Eastern</subfield><subfield code="q">2011-07-28 06:59:00 US/Eastern</subfield><subfield code="y">recap</subfield></datafield><datafield tag="876" ind1=" " ind2=" "><subfield code="0">22525934360006421</subfield><subfield code="j">1</subfield><subfield code="z">pa</subfield><subfield code="p">32101082103134</subfield><subfield code="t">1</subfield><subfield code="a">23525934200006421</subfield><subfield code="3">2011 no.7-12</subfield><subfield code="d">2013-03-18 20:00:00 US/Eastern</subfield><subfield code="q">2013-03-19 06:59:00 US/Eastern</subfield><subfield code="y">recap</subfield></datafield><datafield tag="876" ind1=" " ind2=" "><subfield code="0">22525934360006421</subfield><subfield code="j">1</subfield><subfield code="z">pa</subfield><subfield code="p">32101075960060</subfield><subfield code="t">1</subfield><subfield code="a">23525934240006421</subfield><subfield code="3">no.163-174 &amp; suppl. 2009</subfield><subfield code="d">2010-06-30 20:00:00 US/Eastern</subfield><subfield code="q">2010-07-01 06:59:00 US/Eastern</subfield><subfield code="y">recap</subfield></datafield><datafield tag="876" ind1=" " ind2=" "><subfield code="0">22525934360006421</subfield><subfield code="j">1</subfield><subfield code="z">pa</subfield><subfield code="p">32101080980822</subfield><subfield code="t">1</subfield><subfield code="a">23525934150006421</subfield><subfield code="3">2000</subfield><subfield code="d">2001-08-12 20:00:00 US/Eastern</subfield><subfield code="q">2001-08-13 06:59:00 US/Eastern</subfield><subfield code="y">recap</subfield></datafield><datafield tag="876" ind1=" " ind2=" "><subfield code="0">22525934360006421</subfield><subfield code="j">1</subfield><subfield code="z">pa</subfield><subfield code="p">32101086661327</subfield><subfield code="t">1</subfield><subfield code="a">23525934170006421</subfield><subfield code="3">2013 no.10-12</subfield><subfield code="d">2014-07-20 20:00:00 US/Eastern</subfield><subfield code="q">2014-07-21 06:59:00 US/Eastern</subfield><subfield code="y">recap</subfield></datafield><datafield tag="876" ind1=" " ind2=" "><subfield code="0">22525934360006421</subfield><subfield code="j">1</subfield><subfield code="z">pa</subfield><subfield code="p">32101080980780</subfield><subfield code="t">1</subfield><subfield code="a">23525934110006421</subfield><subfield code="3">no.7-18 1996</subfield><subfield code="d">2011-03-28 20:00:00 US/Eastern</subfield><subfield code="q">2011-03-29 06:59:00 US/Eastern</subfield><subfield code="y">recap</subfield></datafield><datafield tag="876" ind1=" " ind2=" "><subfield code="0">22525934360006421</subfield><subfield code="j">1</subfield><subfield code="z">pa</subfield><subfield code="p">32101056741489</subfield><subfield code="t">1</subfield><subfield code="a">23525934280006421</subfield><subfield code="3">2004</subfield><subfield code="d">2005-06-20 20:00:00 US/Eastern</subfield><subfield code="q">2005-06-21 06:59:00 US/Eastern</subfield><subfield code="y">recap</subfield></datafield><datafield tag="876" ind1=" " ind2=" "><subfield code="0">22525934780006421</subfield><subfield code="j">1</subfield><subfield code="z">cjk</subfield><subfield code="p">32101097837460</subfield><subfield code="t">1</subfield><subfield code="a">23525934370006421</subfield><subfield code="3">2018 no.1-4</subfield><subfield code="d">2019-02-05 19:00:00 US/Eastern</subfield><subfield code="q">2019-02-06 05:59:00 US/Eastern</subfield><subfield code="y">eastasian</subfield></datafield><datafield tag="876" ind1=" " ind2=" "><subfield code="0">22525934780006421</subfield><subfield code="j">1</subfield><subfield code="z">cjk</subfield><subfield code="p">32101095365548</subfield><subfield code="t">1</subfield><subfield code="a">23525934440006421</subfield><subfield code="3">2015 no.4-6</subfield><subfield code="d">2016-03-21 20:00:00 US/Eastern</subfield><subfield code="q">2016-03-22 06:59:00 US/Eastern</subfield><subfield code="y">eastasian</subfield></datafield><datafield tag="876" ind1=" " ind2=" "><subfield code="0">22525934360006421</subfield><subfield code="j">1</subfield><subfield code="z">pa</subfield><subfield code="p">32101090108455</subfield><subfield code="t">1</subfield><subfield code="a">23525934190006421</subfield><subfield code="3">2012 no.1-6</subfield><subfield code="d">2013-09-05 20:00:00 US/Eastern</subfield><subfield code="q">2013-09-06 06:59:00 US/Eastern</subfield><subfield code="y">recap</subfield></datafield><datafield tag="876" ind1=" " ind2=" "><subfield code="0">22525934780006421</subfield><subfield code="j">1</subfield><subfield code="z">cjk</subfield><subfield code="p">32101095365670</subfield><subfield code="t">1</subfield><subfield code="a">23525934460006421</subfield><subfield code="3">2015 no.1-3</subfield><subfield code="d">2016-03-21 20:00:00 US/Eastern</subfield><subfield code="q">2016-03-22 06:59:00 US/Eastern</subfield><subfield code="y">eastasian</subfield></datafield><datafield tag="876" ind1=" " ind2=" "><subfield code="0">22525934360006421</subfield><subfield code="j">1</subfield><subfield code="z">pa</subfield><subfield code="p">32101063085078</subfield><subfield code="t">1</subfield><subfield code="a">23525934260006421</subfield><subfield code="3">no.127-138 &amp; suppl. 2006</subfield><subfield code="d">2007-10-08 20:00:00 US/Eastern</subfield><subfield code="q">2007-10-09 06:59:00 US/Eastern</subfield><subfield code="y">recap</subfield></datafield><datafield tag="876" ind1=" " ind2=" "><subfield code="0">22525934360006421</subfield><subfield code="j">1</subfield><subfield code="z">pa</subfield><subfield code="p">32101080980772</subfield><subfield code="t">1</subfield><subfield code="a">23525934330006421</subfield><subfield code="3">no.1-6 1995</subfield><subfield code="d">2000-06-12 20:00:00 US/Eastern</subfield><subfield code="q">2000-06-13 06:59:00 US/Eastern</subfield><subfield code="y">recap</subfield></datafield><datafield tag="876" ind1=" " ind2=" "><subfield code="0">22525934780006421</subfield><subfield code="j">1</subfield><subfield code="z">cjk</subfield><subfield code="p">32101099534446</subfield><subfield code="t">1</subfield><subfield code="a">23525934420006421</subfield><subfield code="3">2016 no.1-6</subfield><subfield code="d">2017-03-26 20:00:00 US/Eastern</subfield><subfield code="q">2017-03-27 06:59:00 US/Eastern</subfield><subfield code="y">eastasian</subfield></datafield><datafield tag="876" ind1=" " ind2=" "><subfield code="0">22525934780006421</subfield><subfield code="j">1</subfield><subfield code="z">cjk</subfield><subfield code="p">32101097837502</subfield><subfield code="t">1</subfield><subfield code="a">23525934400006421</subfield><subfield code="3">2017 no.1-4</subfield><subfield code="d">2019-02-05 19:00:00 US/Eastern</subfield><subfield code="q">2019-02-06 05:59:00 US/Eastern</subfield><subfield code="y">eastasian</subfield></datafield><datafield tag="876" ind1=" " ind2=" "><subfield code="0">22525934780006421</subfield><subfield code="j">1</subfield><subfield code="z">cjk</subfield><subfield code="p">32101080396862</subfield><subfield code="t">1</subfield><subfield code="a">23525934480006421</subfield><subfield code="3">2014 no.5-8</subfield><subfield code="d">2015-01-21 19:00:00 US/Eastern</subfield><subfield code="q">2015-01-22 05:59:00 US/Eastern</subfield><subfield code="y">eastasian</subfield></datafield><datafield tag="876" ind1=" " ind2=" "><subfield code="0">22525934360006421</subfield><subfield code="j">1</subfield><subfield code="z">pa</subfield><subfield code="p">32101080980806</subfield><subfield code="t">1</subfield><subfield code="a">23525934310006421</subfield><subfield code="3">no.31-42 1998</subfield><subfield code="d">2000-06-12 20:00:00 US/Eastern</subfield><subfield code="q">2000-06-13 06:59:00 US/Eastern</subfield><subfield code="y">recap</subfield></datafield><datafield tag="876" ind1=" " ind2=" "><subfield code="0">22525934780006421</subfield><subfield code="j">1</subfield><subfield code="z">cjk</subfield><subfield code="p">32101097837494</subfield><subfield code="t">1</subfield><subfield code="a">23525934390006421</subfield><subfield code="3">2017 no.5-8</subfield><subfield code="d">2019-02-05 19:00:00 US/Eastern</subfield><subfield code="q">2019-02-06 05:59:00 US/Eastern</subfield><subfield code="y">eastasian</subfield></datafield></record>