<record><leader>01329cam a2200337 a 4500</leader><controlfield tag="005">20240502092708.0</controlfield><controlfield tag="008">910822s1991    caua     b    001 0 eng  </controlfield><controlfield tag="001">996667663506421</controlfield><datafield tag="010" ind1=" " ind2=" "><subfield code="a">   90037800  </subfield></datafield><datafield tag="020" ind1=" " ind2=" "><subfield code="a">0804718512 (cloth : acid-free paper) :</subfield><subfield code="c">$27.50</subfield></datafield><datafield tag="035" ind1=" " ind2=" "><subfield code="a">(CStRLIN)NJPG91-B42843</subfield></datafield><datafield tag="035" ind1=" " ind2=" "><subfield code="9">ADA3065TS</subfield></datafield><datafield tag="035" ind1=" " ind2=" "><subfield code="a">(NjP)666766-princetondb</subfield></datafield><datafield tag="035" ind1=" " ind2=" "><subfield code="z">(NjP)Voyager666766</subfield></datafield><datafield tag="035" ind1=" " ind2=" "><subfield code="a">(OCoLC)ocm21764151</subfield></datafield><datafield tag="040" ind1=" " ind2=" "><subfield code="a">DLC</subfield><subfield code="b">eng</subfield><subfield code="c">DLC</subfield><subfield code="d">DLC</subfield></datafield><datafield tag="043" ind1=" " ind2=" "><subfield code="a">e------</subfield></datafield><datafield tag="050" ind1="0" ind2="0"><subfield code="a">NX652.G35</subfield><subfield code="b">B37 1991</subfield></datafield><datafield tag="082" ind1="0" ind2="0"><subfield code="a">700</subfield><subfield code="2">20</subfield></datafield><datafield tag="100" ind1="1" ind2=" "><subfield code="a">Barkan, Leonard.</subfield><subfield code="0">http://id.loc.gov/authorities/names/n85139237</subfield></datafield><datafield tag="245" ind1="1" ind2="0"><subfield code="a">Transuming passion :</subfield><subfield code="b">Ganymede and the erotics of humanism /</subfield><subfield code="c">Leonard Barkan.</subfield></datafield><datafield tag="260" ind1=" " ind2=" "><subfield code="a">Stanford, Calif. :</subfield><subfield code="b">Stanford University Press,</subfield><subfield code="c">1991.</subfield></datafield><datafield tag="300" ind1=" " ind2=" "><subfield code="a">147 p. :</subfield><subfield code="b">ill. ;</subfield><subfield code="c">24 cm.</subfield></datafield><datafield tag="504" ind1=" " ind2=" "><subfield code="a">Includes bibliographical references (p. [117]-141) and index.</subfield></datafield><datafield tag="650" ind1=" " ind2="0"><subfield code="a">Ganymede (Greek mythology)</subfield><subfield code="x">Art.</subfield></datafield><datafield tag="650" ind1=" " ind2="0"><subfield code="a">Homosexuality in art.</subfield><subfield code="0">http://id.loc.gov/authorities/subjects/sh85061791</subfield></datafield><datafield tag="650" ind1=" " ind2="0"><subfield code="a">Arts, European.</subfield><subfield code="0">http://id.loc.gov/authorities/subjects/sh85008379</subfield></datafield><datafield tag="911" ind1=" " ind2=" "><subfield code="a">19921028</subfield></datafield><datafield tag="912" ind1=" " ind2=" "><subfield code="a">19910822000000.0</subfield></datafield><datafield tag="914" ind1=" " ind2=" "><subfield code="a">(OCoLC)ocm21764151</subfield><subfield code="b">OCoLC</subfield><subfield code="c">match</subfield><subfield code="d">20240501</subfield><subfield code="e">processed</subfield><subfield code="f">21764151</subfield></datafield><datafield tag="998" ind1=" " ind2=" "><subfield code="a">08/22/91</subfield><subfield code="s">9110</subfield><subfield code="n">NjP</subfield><subfield code="w">DCLC9037800B</subfield><subfield code="d">08/22/91</subfield><subfield code="c">ARK</subfield><subfield code="b">ARK</subfield><subfield code="i">910822</subfield><subfield code="l">NJPG</subfield></datafield><datafield tag="950" ind1=" " ind2=" "><subfield code="c">2024-05-02 09:27:08 US/Eastern</subfield><subfield code="b">2021-07-13 07:16:56 US/Eastern</subfield><subfield code="a">false</subfield></datafield><datafield tag="852" ind1="0" ind2="0"><subfield code="b">marquand</subfield><subfield code="c">stacks</subfield><subfield code="h">NX652.G35</subfield><subfield code="i">B37 1991</subfield><subfield code="8">22728184830006421</subfield></datafield><datafield tag="952" ind1=" " ind2=" "><subfield code="a">2021-07-13 11:16:56</subfield><subfield code="8">22728184830006421</subfield><subfield code="b">Marquand Library</subfield><subfield code="c">sa Stacks: Marquand Use Only</subfield><subfield code="e">false</subfield></datafield><datafield tag="852" ind1="0" ind2=" "><subfield code="b">firestone</subfield><subfield code="c">stacks</subfield><subfield code="h">NX652.G35</subfield><subfield code="i">B37 1991</subfield><subfield code="8">22728184810006421</subfield></datafield><datafield tag="952" ind1=" " ind2=" "><subfield code="a">2021-07-13 11:16:56</subfield><subfield code="8">22728184810006421</subfield><subfield code="b">Firestone Library</subfield><subfield code="c">stacks: Firestone Library</subfield><subfield code="e">false</subfield></datafield><datafield tag="876" ind1=" " ind2=" "><subfield code="0">22728184830006421</subfield><subfield code="j">1</subfield><subfield code="z">stacks</subfield><subfield code="p">32101020323679</subfield><subfield code="t">1</subfield><subfield code="a">23728184820006421</subfield><subfield code="d">2000-06-12 20:00:00 US/Eastern</subfield><subfield code="q">2000-06-13 06:59:00 US/Eastern</subfield><subfield code="y">marquand</subfield></datafield><datafield tag="876" ind1=" " ind2=" "><subfield code="0">22728184810006421</subfield><subfield code="j">1</subfield><subfield code="z">stacks</subfield><subfield code="p">32101067506418</subfield><subfield code="t">1</subfield><subfield code="a">23728184800006421</subfield><subfield code="d">2008-09-29 20:00:00 US/Eastern</subfield><subfield code="q">2008-09-30 06:59:00 US/Eastern</subfield><subfield code="y">firestone</subfield></datafield></record>