<record><leader>02169cas a2200433 a 4500</leader><controlfield tag="005">20240906134748.0</controlfield><controlfield tag="008">870127c19859999cc br p       0   e0chi d</controlfield><controlfield tag="001">9930845983506421</controlfield><datafield tag="022" ind1=" " ind2=" "><subfield code="a">1002-4360</subfield></datafield><datafield tag="035" ind1=" " ind2=" "><subfield code="a">(CStRLIN)NJPX87-S32</subfield></datafield><datafield tag="035" ind1=" " ind2=" "><subfield code="a">(NjP)3084598-princetondb</subfield></datafield><datafield tag="035" ind1=" " ind2=" "><subfield code="a">(OCoLC)ocm46375976</subfield></datafield><datafield tag="035" ind1=" " ind2=" "><subfield code="z">(NjP)Voyager3084598</subfield></datafield><datafield tag="040" ind1=" " ind2=" "><subfield code="a">NjP-G</subfield><subfield code="b">eng</subfield><subfield code="c">NjP-G</subfield><subfield code="d">CStRLIN</subfield></datafield><datafield tag="041" ind1="0" ind2=" "><subfield code="a">chi</subfield><subfield code="f">eng</subfield></datafield><datafield tag="043" ind1=" " ind2=" "><subfield code="a">a-cc---</subfield></datafield><datafield tag="066" ind1=" " ind2=" "><subfield code="c">$1</subfield></datafield><datafield tag="090" ind1=" " ind2=" "><subfield code="a">GR334</subfield><subfield code="b">.M56</subfield><subfield code="i">12/03/03 T</subfield><subfield code="h">12/17/98 T</subfield><subfield code="h">07/11/96 T</subfield><subfield code="h">08/11/94 T</subfield><subfield code="h">04/22/87 CT</subfield></datafield><datafield tag="245" ind1="0" ind2="0"><subfield code="6">880-01</subfield><subfield code="a">Min su yan jiu =</subfield><subfield code="b">Folklore studies.</subfield></datafield><datafield tag="880" ind1="0" ind2="0"><subfield code="6">245-01/$1</subfield><subfield code="a">民俗研究 =</subfield><subfield code="b">Folklore studies.</subfield></datafield><datafield tag="246" ind1="3" ind2="1"><subfield code="a">Folklore studies</subfield></datafield><datafield tag="246" ind1="3" ind2=" "><subfield code="a">Studies in folklore</subfield></datafield><datafield tag="260" ind1=" " ind2=" "><subfield code="6">880-02</subfield><subfield code="a">[Tsinan] :</subfield><subfield code="b">Shandong da xue she hui xue xi min su yan jiu bian wei hui,</subfield><subfield code="c">1985-</subfield></datafield><datafield tag="880" ind1=" " ind2=" "><subfield code="6">260-02/$1</subfield><subfield code="a">[Tsinan] :</subfield><subfield code="b">山东大学社会学系民俗研究编委会,</subfield><subfield code="c">1985-</subfield></datafield><datafield tag="300" ind1=" " ind2=" "><subfield code="a">v. :</subfield><subfield code="b">ill. ;</subfield><subfield code="c">27 cm.</subfield></datafield><datafield tag="310" ind1=" " ind2=" "><subfield code="a">Bimonthly,</subfield><subfield code="b">2012-</subfield></datafield><datafield tag="321" ind1=" " ind2=" "><subfield code="a">Quarterly,</subfield><subfield code="b">1985-2009</subfield></datafield><datafield tag="362" ind1="0" ind2=" "><subfield code="6">880-03</subfield><subfield code="a">Shi kan hao = Zong di 1 qi (1985 nian 10 yue [Oct. 1985])-</subfield></datafield><datafield tag="880" ind1="0" ind2=" "><subfield code="6">362-03/$1</subfield><subfield code="a">试刊号　= 总第1期　（1985年10月　[Oct. 1985]）－</subfield></datafield><datafield tag="500" ind1=" " ind2=" "><subfield code="a">"Nei bu kan wu"--Colophon.</subfield></datafield><datafield tag="546" ind1=" " ind2=" "><subfield code="a">Table of contents also in English.</subfield></datafield><datafield tag="583" ind1="1" ind2=" "><subfield code="a">Committed to retain</subfield><subfield code="d">in perpetuity</subfield><subfield code="f">ReCAP</subfield><subfield code="f">Chinese Serials Collaborative Collection</subfield><subfield code="5">[MH, NjP, NN, or NNC]</subfield><subfield code="u">http://arks.princeton.edu/ark:/88435/dcxg94j1575</subfield></datafield><datafield tag="650" ind1=" " ind2="0"><subfield code="a">Folklore</subfield><subfield code="z">China</subfield><subfield code="x">Periodicals.</subfield></datafield><datafield tag="710" ind1="2" ind2=" "><subfield code="a">Shandong da xue.</subfield><subfield code="b">Min su yan jiu bian wei hui.</subfield><subfield code="0">http://id.loc.gov/authorities/names/n88133899</subfield></datafield><datafield tag="914" ind1=" " ind2=" "><subfield code="a">(OCoLC)ocm46375976</subfield><subfield code="b">OCoLC</subfield><subfield code="c">match</subfield><subfield code="d">20221117</subfield><subfield code="e">processed</subfield><subfield code="f">46375976</subfield></datafield><datafield tag="950" ind1=" " ind2=" "><subfield code="l">C</subfield><subfield code="v">No.1 (1985)-44 (1997)</subfield><subfield code="n">#9</subfield><subfield code="n">#50</subfield><subfield code="p">2</subfield><subfield code="h">04/22/87 C</subfield></datafield><datafield tag="955" ind1=" " ind2=" "><subfield code="l">C</subfield><subfield code="c">1:(no.29-36 1994-1995)</subfield><subfield code="q">gift Pub. 8-17-86</subfield><subfield code="r">32101026920486</subfield><subfield code="h">04/22/87 C</subfield></datafield><datafield tag="987" ind1=" " ind2=" "><subfield code="a">PINYIN</subfield><subfield code="b">CStRLIN</subfield><subfield code="c">20010423</subfield><subfield code="d">c</subfield><subfield code="e">1.1</subfield></datafield><datafield tag="998" ind1=" " ind2=" "><subfield code="a">12/03/03</subfield><subfield code="t">c</subfield><subfield code="s">9114</subfield><subfield code="n">NjP-G</subfield><subfield code="w">NJPX87S32</subfield><subfield code="d">04/23/01</subfield><subfield code="c">FSW</subfield><subfield code="b">SML</subfield><subfield code="i">031203</subfield><subfield code="h">981217</subfield><subfield code="h">960711</subfield><subfield code="h">940811</subfield><subfield code="h">870422</subfield><subfield code="l">NJPX</subfield></datafield><datafield tag="950" ind1=" " ind2=" "><subfield code="c">2024-09-06 13:47:48 US/Eastern</subfield><subfield code="b">2021-07-13 04:16:39 US/Eastern</subfield><subfield code="a">false</subfield></datafield><datafield tag="852" ind1="0" ind2=" "><subfield code="b">recap</subfield><subfield code="c">pa</subfield><subfield code="h">GR334</subfield><subfield code="i">.M56</subfield><subfield code="8">22695831600006421</subfield></datafield><datafield tag="866" ind1=" " ind2="0"><subfield code="a">No. 1 (1985)-no. 112 (2013)</subfield><subfield code="8">22695831600006421</subfield></datafield><datafield tag="952" ind1=" " ind2=" "><subfield code="d">2024-11-26 16:18:51</subfield><subfield code="8">22695831600006421</subfield><subfield code="a">2021-07-13 08:16:39</subfield><subfield code="b">ReCAP</subfield><subfield code="c">rcppa: RECAP</subfield><subfield code="e">false</subfield></datafield><datafield tag="852" ind1="0" ind2=" "><subfield code="b">eastasian</subfield><subfield code="c">cjk</subfield><subfield code="h">GR334</subfield><subfield code="i">.M56</subfield><subfield code="8">22695831770006421</subfield></datafield><datafield tag="866" ind1=" " ind2="0"><subfield code="a">No. 113 (2014)-no. 142 (2018) ; 2019 no. 1-2025 no. 3</subfield><subfield code="8">22695831770006421</subfield></datafield><datafield tag="866" ind1=" " ind2="0"><subfield code="z">CURRENT ISSUES IN: East Asian Library (Gest)</subfield><subfield code="8">22695831770006421</subfield></datafield><datafield tag="952" ind1=" " ind2=" "><subfield code="d">2025-10-28 17:33:27</subfield><subfield code="8">22695831770006421</subfield><subfield code="a">2021-07-13 08:16:39</subfield><subfield code="b">East Asian Library</subfield><subfield code="c">cjk: East Asian Library</subfield><subfield code="e">false</subfield></datafield><datafield tag="876" ind1=" " ind2=" "><subfield code="0">22695831770006421</subfield><subfield code="j">1</subfield><subfield code="z">cjk</subfield><subfield code="p">32101115427302</subfield><subfield code="a">231035989990006421</subfield><subfield code="3">2024 no. 1-3 </subfield><subfield code="d">2024-11-26 11:20:23 US/Eastern</subfield><subfield code="q">2024-11-26 11:20:34 US/Eastern</subfield><subfield code="y">eastasian</subfield></datafield><datafield tag="876" ind1=" " ind2=" "><subfield code="0">22695831600006421</subfield><subfield code="j">1</subfield><subfield code="z">pa</subfield><subfield code="p">32101078223060</subfield><subfield code="t">1</subfield><subfield code="a">23695831590006421</subfield><subfield code="3">no.37-44 1996-1997</subfield><subfield code="d">2000-06-12 20:00:00 US/Eastern</subfield><subfield code="q">2000-06-13 06:59:00 US/Eastern</subfield><subfield code="y">recap</subfield></datafield><datafield tag="876" ind1=" " ind2=" "><subfield code="0">22695831770006421</subfield><subfield code="j">1</subfield><subfield code="z">cjk</subfield><subfield code="p">32101080399551</subfield><subfield code="t">1</subfield><subfield code="a">23695831720006421</subfield><subfield code="3">no.116-118 2014</subfield><subfield code="d">2015-03-02 19:00:00 US/Eastern</subfield><subfield code="q">2015-03-03 05:59:00 US/Eastern</subfield><subfield code="y">eastasian</subfield></datafield><datafield tag="876" ind1=" " ind2=" "><subfield code="0">22695831770006421</subfield><subfield code="j">1</subfield><subfield code="z">cjk</subfield><subfield code="p">32101117975308</subfield><subfield code="a">23966770110006421</subfield><subfield code="3">2021 no. 1-3 </subfield><subfield code="d">2023-03-27 14:06:03 US/Eastern</subfield><subfield code="q">2023-03-27 14:06:31 US/Eastern</subfield><subfield code="y">eastasian</subfield></datafield><datafield tag="876" ind1=" " ind2=" "><subfield code="0">22695831770006421</subfield><subfield code="j">1</subfield><subfield code="z">cjk</subfield><subfield code="p">32101099727057</subfield><subfield code="t">1</subfield><subfield code="a">23695831710006421</subfield><subfield code="3">no.122-124 2015</subfield><subfield code="d">2016-07-27 20:00:00 US/Eastern</subfield><subfield code="q">2016-07-28 06:59:00 US/Eastern</subfield><subfield code="y">eastasian</subfield></datafield><datafield tag="876" ind1=" " ind2=" "><subfield code="0">22695831770006421</subfield><subfield code="j">1</subfield><subfield code="z">cjk</subfield><subfield code="p">32101081189043</subfield><subfield code="t">1</subfield><subfield code="a">23695831730006421</subfield><subfield code="3">no.113-115 2014</subfield><subfield code="d">2014-10-22 20:00:00 US/Eastern</subfield><subfield code="q">2014-10-23 06:59:00 US/Eastern</subfield><subfield code="y">eastasian</subfield></datafield><datafield tag="876" ind1=" " ind2=" "><subfield code="0">22695831770006421</subfield><subfield code="j">1</subfield><subfield code="z">cjk</subfield><subfield code="p">32101117975290</subfield><subfield code="a">23966770100006421</subfield><subfield code="3">2021 no. 4-6 </subfield><subfield code="d">2023-03-27 14:07:42 US/Eastern</subfield><subfield code="q">2023-03-27 14:07:58 US/Eastern</subfield><subfield code="y">eastasian</subfield></datafield><datafield tag="876" ind1=" " ind2=" "><subfield code="0">22695831770006421</subfield><subfield code="j">1</subfield><subfield code="z">cjk</subfield><subfield code="p">32101115483677</subfield><subfield code="a">231010919010006421</subfield><subfield code="3">2023 no. 4-6 </subfield><subfield code="d">2024-02-22 13:36:02 US/Eastern</subfield><subfield code="q">2024-02-22 13:36:02 US/Eastern</subfield><subfield code="y">eastasian</subfield></datafield><datafield tag="876" ind1=" " ind2=" "><subfield code="0">22695831770006421</subfield><subfield code="j">1</subfield><subfield code="z">cjk</subfield><subfield code="p">32101114217399</subfield><subfield code="a">23989670950006421</subfield><subfield code="3">2023 no. 1-3 </subfield><subfield code="d">2023-08-08 14:46:33 US/Eastern</subfield><subfield code="q">2023-08-08 14:47:02 US/Eastern</subfield><subfield code="y">eastasian</subfield></datafield><datafield tag="876" ind1=" " ind2=" "><subfield code="0">22695831600006421</subfield><subfield code="j">1</subfield><subfield code="z">pa</subfield><subfield code="p">32101082946805</subfield><subfield code="t">1</subfield><subfield code="a">23695831530006421</subfield><subfield code="3">no.97-98 2011</subfield><subfield code="d">2012-10-22 20:00:00 US/Eastern</subfield><subfield code="q">2012-10-23 06:59:00 US/Eastern</subfield><subfield code="y">recap</subfield></datafield><datafield tag="876" ind1=" " ind2=" "><subfield code="0">22695831770006421</subfield><subfield code="j">1</subfield><subfield code="z">cjk</subfield><subfield code="p">32101105706376</subfield><subfield code="t">1</subfield><subfield code="a">23695831620006421</subfield><subfield code="3">no.137-139 2018</subfield><subfield code="d">2019-05-16 20:00:00 US/Eastern</subfield><subfield code="q">2019-05-17 06:59:00 US/Eastern</subfield><subfield code="y">eastasian</subfield></datafield><datafield tag="876" ind1=" " ind2=" "><subfield code="0">22695831600006421</subfield><subfield code="j">1</subfield><subfield code="z">pa</subfield><subfield code="p">32101066010966</subfield><subfield code="t">1</subfield><subfield code="a">23695831550006421</subfield><subfield code="3">no.81-84 2007</subfield><subfield code="d">2009-03-08 20:00:00 US/Eastern</subfield><subfield code="q">2009-03-09 06:59:00 US/Eastern</subfield><subfield code="y">recap</subfield></datafield><datafield tag="876" ind1=" " ind2=" "><subfield code="0">22695831770006421</subfield><subfield code="j">1</subfield><subfield code="z">cjk</subfield><subfield code="p">32101105706392</subfield><subfield code="t">1</subfield><subfield code="a">23695831640006421</subfield><subfield code="3">no.131-133 2017</subfield><subfield code="d">2019-05-16 20:00:00 US/Eastern</subfield><subfield code="q">2019-05-17 06:59:00 US/Eastern</subfield><subfield code="y">eastasian</subfield></datafield><datafield tag="876" ind1=" " ind2=" "><subfield code="0">22695831600006421</subfield><subfield code="j">1</subfield><subfield code="z">pa</subfield><subfield code="p">32101050116969</subfield><subfield code="t">1</subfield><subfield code="a">23695831570006421</subfield><subfield code="3">no.61-64 2002</subfield><subfield code="d">2003-12-02 19:00:00 US/Eastern</subfield><subfield code="q">2003-12-03 05:59:00 US/Eastern</subfield><subfield code="y">recap</subfield></datafield><datafield tag="876" ind1=" " ind2=" "><subfield code="0">22695831600006421</subfield><subfield code="j">1</subfield><subfield code="z">pa</subfield><subfield code="p">32101078223052</subfield><subfield code="t">1</subfield><subfield code="a">23695831330006421</subfield><subfield code="3">no.29-36 1994-1995</subfield><subfield code="d">2011-01-20 19:00:00 US/Eastern</subfield><subfield code="q">2011-01-21 05:59:00 US/Eastern</subfield><subfield code="y">recap</subfield></datafield><datafield tag="876" ind1=" " ind2=" "><subfield code="0">22695831600006421</subfield><subfield code="j">1</subfield><subfield code="z">pa</subfield><subfield code="p">32101078223029</subfield><subfield code="t">1</subfield><subfield code="a">23695831390006421</subfield><subfield code="3">no.5-12 1988-1989</subfield><subfield code="d">2011-01-20 19:00:00 US/Eastern</subfield><subfield code="q">2011-01-21 05:59:00 US/Eastern</subfield><subfield code="y">recap</subfield></datafield><datafield tag="876" ind1=" " ind2=" "><subfield code="0">22695831600006421</subfield><subfield code="j">1</subfield><subfield code="z">pa</subfield><subfield code="p">32101082948413</subfield><subfield code="t">1</subfield><subfield code="a">23695831510006421</subfield><subfield code="3">no.95-96 2010</subfield><subfield code="d">2012-11-07 19:00:00 US/Eastern</subfield><subfield code="q">2012-11-08 05:59:00 US/Eastern</subfield><subfield code="y">recap</subfield></datafield><datafield tag="876" ind1=" " ind2=" "><subfield code="0">22695831600006421</subfield><subfield code="j">1</subfield><subfield code="z">pa</subfield><subfield code="p">32101088508914</subfield><subfield code="t">1</subfield><subfield code="a">23695831420006421</subfield><subfield code="3">no.104-106 2012</subfield><subfield code="d">2013-09-04 20:00:00 US/Eastern</subfield><subfield code="q">2013-09-05 06:59:00 US/Eastern</subfield><subfield code="y">recap</subfield></datafield><datafield tag="876" ind1=" " ind2=" "><subfield code="0">22695831600006421</subfield><subfield code="j">1</subfield><subfield code="z">pa</subfield><subfield code="p">32101078223011</subfield><subfield code="t">1</subfield><subfield code="a">23695831400006421</subfield><subfield code="3">no.1-4 1985-1987</subfield><subfield code="d">2011-01-20 19:00:00 US/Eastern</subfield><subfield code="q">2011-01-21 05:59:00 US/Eastern</subfield><subfield code="y">recap</subfield></datafield><datafield tag="876" ind1=" " ind2=" "><subfield code="0">22695831600006421</subfield><subfield code="j">1</subfield><subfield code="z">pa</subfield><subfield code="p">32101082946813</subfield><subfield code="t">1</subfield><subfield code="a">23695831440006421</subfield><subfield code="3">no.99-100 2011</subfield><subfield code="d">2012-10-22 20:00:00 US/Eastern</subfield><subfield code="q">2012-10-23 06:59:00 US/Eastern</subfield><subfield code="y">recap</subfield></datafield><datafield tag="876" ind1=" " ind2=" "><subfield code="0">22695831600006421</subfield><subfield code="j">1</subfield><subfield code="z">pa</subfield><subfield code="p">32101066009323</subfield><subfield code="t">1</subfield><subfield code="a">23695831460006421</subfield><subfield code="3">no.77-80 2006</subfield><subfield code="d">2009-02-18 19:00:00 US/Eastern</subfield><subfield code="q">2009-02-19 05:59:00 US/Eastern</subfield><subfield code="y">recap</subfield></datafield><datafield tag="876" ind1=" " ind2=" "><subfield code="0">22695831600006421</subfield><subfield code="j">1</subfield><subfield code="z">pa</subfield><subfield code="p">32101078223086</subfield><subfield code="t">1</subfield><subfield code="a">23695831480006421</subfield><subfield code="3">no.53-56 2000</subfield><subfield code="d">2001-06-12 20:00:00 US/Eastern</subfield><subfield code="q">2001-06-13 06:59:00 US/Eastern</subfield><subfield code="y">recap</subfield></datafield><datafield tag="876" ind1=" " ind2=" "><subfield code="0">22695831770006421</subfield><subfield code="j">1</subfield><subfield code="z">cjk</subfield><subfield code="p">32101108253194</subfield><subfield code="t">1</subfield><subfield code="a">23695831690006421</subfield><subfield code="3">2019 no. 1-6</subfield><subfield code="d">2021-05-13 20:00:00 US/Eastern</subfield><subfield code="q">2021-05-14 06:59:00 US/Eastern</subfield><subfield code="y">eastasian</subfield></datafield><datafield tag="876" ind1=" " ind2=" "><subfield code="0">22695831770006421</subfield><subfield code="j">1</subfield><subfield code="z">cjk</subfield><subfield code="p">32101108253186</subfield><subfield code="t">1</subfield><subfield code="a">23695831680006421</subfield><subfield code="3">2020 no. 1-3</subfield><subfield code="d">2021-05-13 20:00:00 US/Eastern</subfield><subfield code="q">2021-05-14 06:59:00 US/Eastern</subfield><subfield code="y">eastasian</subfield></datafield><datafield tag="876" ind1=" " ind2=" "><subfield code="0">22695831770006421</subfield><subfield code="j">1</subfield><subfield code="z">cjk</subfield><subfield code="p">32101108253178</subfield><subfield code="t">1</subfield><subfield code="a">23695831670006421</subfield><subfield code="3">2020 no. 4-6</subfield><subfield code="d">2021-05-13 20:00:00 US/Eastern</subfield><subfield code="q">2021-05-14 06:59:00 US/Eastern</subfield><subfield code="y">eastasian</subfield></datafield><datafield tag="876" ind1=" " ind2=" "><subfield code="0">22695831770006421</subfield><subfield code="j">1</subfield><subfield code="z">cjk</subfield><subfield code="p">32101105706400</subfield><subfield code="t">1</subfield><subfield code="a">23695831650006421</subfield><subfield code="3">no.128-130 2016</subfield><subfield code="d">2019-05-16 20:00:00 US/Eastern</subfield><subfield code="q">2019-05-17 06:59:00 US/Eastern</subfield><subfield code="y">eastasian</subfield></datafield><datafield tag="876" ind1=" " ind2=" "><subfield code="0">22695831770006421</subfield><subfield code="j">1</subfield><subfield code="z">cjk</subfield><subfield code="p">32101086732748</subfield><subfield code="t">1</subfield><subfield code="a">23695831660006421</subfield><subfield code="3">no.119-121 2015</subfield><subfield code="d">2015-09-28 20:00:00 US/Eastern</subfield><subfield code="q">2015-09-29 06:59:00 US/Eastern</subfield><subfield code="y">eastasian</subfield></datafield><datafield tag="876" ind1=" " ind2=" "><subfield code="0">22695831770006421</subfield><subfield code="j">1</subfield><subfield code="z">cjk</subfield><subfield code="p">32101117975274</subfield><subfield code="a">23966770080006421</subfield><subfield code="3">2022 no. 4-6 </subfield><subfield code="d">2023-03-27 14:12:59 US/Eastern</subfield><subfield code="q">2023-03-27 14:13:12 US/Eastern</subfield><subfield code="y">eastasian</subfield></datafield><datafield tag="876" ind1=" " ind2=" "><subfield code="0">22695831770006421</subfield><subfield code="j">1</subfield><subfield code="z">cjk</subfield><subfield code="p">32101117975282</subfield><subfield code="a">23966770090006421</subfield><subfield code="3">2022 no. 1-3 </subfield><subfield code="d">2023-03-27 14:11:20 US/Eastern</subfield><subfield code="q">2023-03-27 14:12:33 US/Eastern</subfield><subfield code="y">eastasian</subfield></datafield><datafield tag="876" ind1=" " ind2=" "><subfield code="0">22695831770006421</subfield><subfield code="j">1</subfield><subfield code="z">cjk</subfield><subfield code="p">32101114064601</subfield><subfield code="a">231091246480006421</subfield><subfield code="3">2025 no. 1-3 </subfield><subfield code="d">2025-10-28 13:32:31 US/Eastern</subfield><subfield code="q">2025-10-28 13:32:42 US/Eastern</subfield><subfield code="y">eastasian</subfield></datafield><datafield tag="876" ind1=" " ind2=" "><subfield code="0">22695831770006421</subfield><subfield code="j">1</subfield><subfield code="z">cjk</subfield><subfield code="p">32101114064619</subfield><subfield code="a">231091246490006421</subfield><subfield code="3">2024 no. 4-6 </subfield><subfield code="d">2025-10-28 13:30:35 US/Eastern</subfield><subfield code="q">2025-10-28 13:31:03 US/Eastern</subfield><subfield code="y">eastasian</subfield></datafield><datafield tag="876" ind1=" " ind2=" "><subfield code="0">22695831600006421</subfield><subfield code="j">1</subfield><subfield code="z">pa</subfield><subfield code="p">32101081182451</subfield><subfield code="t">1</subfield><subfield code="a">23695831320006421</subfield><subfield code="3">no.110-112 2013</subfield><subfield code="d">2014-07-16 20:00:00 US/Eastern</subfield><subfield code="q">2014-07-17 06:59:00 US/Eastern</subfield><subfield code="y">recap</subfield></datafield><datafield tag="876" ind1=" " ind2=" "><subfield code="0">22695831770006421</subfield><subfield code="j">1</subfield><subfield code="z">cjk</subfield><subfield code="a">231092873050006421</subfield><subfield code="3">2025, no.4 </subfield><subfield code="d">2025-11-13 15:35:52 US/Eastern</subfield><subfield code="q">2025-11-13 15:35:52 US/Eastern</subfield><subfield code="y">eastasian</subfield></datafield><datafield tag="876" ind1=" " ind2=" "><subfield code="0">22695831770006421</subfield><subfield code="j">1</subfield><subfield code="z">cjk</subfield><subfield code="p">32101099534164</subfield><subfield code="t">1</subfield><subfield code="a">23695831700006421</subfield><subfield code="3">no.125-127 2016</subfield><subfield code="d">2017-03-27 20:00:00 US/Eastern</subfield><subfield code="q">2017-03-28 06:59:00 US/Eastern</subfield><subfield code="y">eastasian</subfield></datafield><datafield tag="876" ind1=" " ind2=" "><subfield code="0">22695831600006421</subfield><subfield code="j">1</subfield><subfield code="z">pa</subfield><subfield code="p">32101075351146</subfield><subfield code="t">1</subfield><subfield code="a">23695831450006421</subfield><subfield code="3">no.85-88 2008</subfield><subfield code="d">2010-04-22 20:00:00 US/Eastern</subfield><subfield code="q">2010-04-23 06:59:00 US/Eastern</subfield><subfield code="y">recap</subfield></datafield><datafield tag="876" ind1=" " ind2=" "><subfield code="0">22695831770006421</subfield><subfield code="j">1</subfield><subfield code="z">cjk</subfield><subfield code="p">32101105706368</subfield><subfield code="t">1</subfield><subfield code="a">23695831610006421</subfield><subfield code="3">no.140-142 2018</subfield><subfield code="d">2019-05-16 20:00:00 US/Eastern</subfield><subfield code="q">2019-05-17 06:59:00 US/Eastern</subfield><subfield code="y">eastasian</subfield></datafield><datafield tag="876" ind1=" " ind2=" "><subfield code="0">22695831600006421</subfield><subfield code="j">1</subfield><subfield code="z">pa</subfield><subfield code="p">32101078223037</subfield><subfield code="t">1</subfield><subfield code="a">23695831360006421</subfield><subfield code="3">no.13-20 1990-1991</subfield><subfield code="d">2011-01-20 19:00:00 US/Eastern</subfield><subfield code="q">2011-01-21 05:59:00 US/Eastern</subfield><subfield code="y">recap</subfield></datafield><datafield tag="876" ind1=" " ind2=" "><subfield code="0">22695831600006421</subfield><subfield code="j">1</subfield><subfield code="z">pa</subfield><subfield code="p">32101078975586</subfield><subfield code="t">1</subfield><subfield code="a">23695831540006421</subfield><subfield code="3">no.89-92 2009</subfield><subfield code="d">2010-10-10 20:00:00 US/Eastern</subfield><subfield code="q">2010-10-11 06:59:00 US/Eastern</subfield><subfield code="y">recap</subfield></datafield><datafield tag="876" ind1=" " ind2=" "><subfield code="0">22695831600006421</subfield><subfield code="j">1</subfield><subfield code="z">pa</subfield><subfield code="p">32101082948421</subfield><subfield code="t">1</subfield><subfield code="a">23695831520006421</subfield><subfield code="3">no.93-94 2010</subfield><subfield code="d">2012-11-07 19:00:00 US/Eastern</subfield><subfield code="q">2012-11-08 05:59:00 US/Eastern</subfield><subfield code="y">recap</subfield></datafield><datafield tag="876" ind1=" " ind2=" "><subfield code="0">22695831600006421</subfield><subfield code="j">1</subfield><subfield code="z">pa</subfield><subfield code="p">32101078223045</subfield><subfield code="t">1</subfield><subfield code="a">23695831340006421</subfield><subfield code="3">no.21-28 1992-1993</subfield><subfield code="d">2011-01-20 19:00:00 US/Eastern</subfield><subfield code="q">2011-01-21 05:59:00 US/Eastern</subfield><subfield code="y">recap</subfield></datafield><datafield tag="876" ind1=" " ind2=" "><subfield code="0">22695831770006421</subfield><subfield code="j">1</subfield><subfield code="z">cjk</subfield><subfield code="p">32101105706384</subfield><subfield code="t">1</subfield><subfield code="a">23695831630006421</subfield><subfield code="3">no.134-136 2017</subfield><subfield code="d">2019-05-16 20:00:00 US/Eastern</subfield><subfield code="q">2019-05-17 06:59:00 US/Eastern</subfield><subfield code="y">eastasian</subfield></datafield><datafield tag="876" ind1=" " ind2=" "><subfield code="0">22695831600006421</subfield><subfield code="j">1</subfield><subfield code="z">pa</subfield><subfield code="p">32101056463357</subfield><subfield code="t">1</subfield><subfield code="a">23695831410006421</subfield><subfield code="3">no.69-72 2004</subfield><subfield code="d">2005-09-13 20:00:00 US/Eastern</subfield><subfield code="q">2005-09-14 06:59:00 US/Eastern</subfield><subfield code="y">recap</subfield></datafield><datafield tag="876" ind1=" " ind2=" "><subfield code="0">22695831600006421</subfield><subfield code="j">1</subfield><subfield code="z">pa</subfield><subfield code="p">32101060514476</subfield><subfield code="t">1</subfield><subfield code="a">23695831560006421</subfield><subfield code="3">no.73-76 2005</subfield><subfield code="d">2007-02-27 19:00:00 US/Eastern</subfield><subfield code="q">2007-02-28 05:59:00 US/Eastern</subfield><subfield code="y">recap</subfield></datafield><datafield tag="876" ind1=" " ind2=" "><subfield code="0">22695831600006421</subfield><subfield code="j">1</subfield><subfield code="z">pa</subfield><subfield code="p">32101043969243</subfield><subfield code="t">1</subfield><subfield code="a">23695831580006421</subfield><subfield code="3">no.57-60 2001</subfield><subfield code="d">2002-05-28 20:00:00 US/Eastern</subfield><subfield code="q">2002-05-29 06:59:00 US/Eastern</subfield><subfield code="y">recap</subfield></datafield><datafield tag="876" ind1=" " ind2=" "><subfield code="0">22695831600006421</subfield><subfield code="j">1</subfield><subfield code="z">pa</subfield><subfield code="p">32101093170130</subfield><subfield code="t">1</subfield><subfield code="a">23695831500006421</subfield><subfield code="3">no.107-109 2013</subfield><subfield code="d">2013-10-28 20:00:00 US/Eastern</subfield><subfield code="q">2013-10-29 06:59:00 US/Eastern</subfield><subfield code="y">recap</subfield></datafield><datafield tag="876" ind1=" " ind2=" "><subfield code="0">22695831600006421</subfield><subfield code="j">1</subfield><subfield code="z">pa</subfield><subfield code="p">32101088508906</subfield><subfield code="t">1</subfield><subfield code="a">23695831430006421</subfield><subfield code="3">no.101-103 2012</subfield><subfield code="d">2013-09-04 20:00:00 US/Eastern</subfield><subfield code="q">2013-09-05 06:59:00 US/Eastern</subfield><subfield code="y">recap</subfield></datafield><datafield tag="876" ind1=" " ind2=" "><subfield code="0">22695831600006421</subfield><subfield code="j">1</subfield><subfield code="z">pa</subfield><subfield code="p">32101049809245</subfield><subfield code="t">1</subfield><subfield code="a">23695831470006421</subfield><subfield code="3">no.65-68 2003</subfield><subfield code="d">2004-07-13 20:00:00 US/Eastern</subfield><subfield code="q">2004-07-14 06:59:00 US/Eastern</subfield><subfield code="y">recap</subfield></datafield><datafield tag="876" ind1=" " ind2=" "><subfield code="0">22695831600006421</subfield><subfield code="j">1</subfield><subfield code="z">pa</subfield><subfield code="p">32101078223078</subfield><subfield code="t">1</subfield><subfield code="a">23695831490006421</subfield><subfield code="3">no.45-52 1998-1999</subfield><subfield code="d">2001-01-10 19:00:00 US/Eastern</subfield><subfield code="q">2001-01-11 05:59:00 US/Eastern</subfield><subfield code="y">recap</subfield></datafield><datafield tag="876" ind1=" " ind2=" "><subfield code="0">22695831770006421</subfield><subfield code="j">1</subfield><subfield code="z">cjk</subfield><subfield code="a">231101290890006421</subfield><subfield code="3">2025, no. 5 </subfield><subfield code="d">2026-01-28 13:52:58 US/Eastern</subfield><subfield code="q">2026-01-28 13:52:58 US/Eastern</subfield><subfield code="y">eastasian</subfield></datafield></record>