<record><leader>02364cas a2200457 a 4500</leader><controlfield tag="005">20240815100223.0</controlfield><controlfield tag="008">880104c19859999cc qr p       0   e0chi  </controlfield><controlfield tag="001">9930908103506421</controlfield><datafield tag="010" ind1=" " ind2=" "><subfield code="a">   86640284 /ACN</subfield></datafield><datafield tag="022" ind1=" " ind2=" "><subfield code="a">1000-4491</subfield></datafield><datafield tag="035" ind1=" " ind2=" "><subfield code="a">(CStRLIN)NJPX88-S0</subfield></datafield><datafield tag="035" ind1=" " ind2=" "><subfield code="a">(NjP)3090810-princetondb</subfield></datafield><datafield tag="035" ind1=" " ind2=" "><subfield code="a">(OCoLC)ocm13280343</subfield></datafield><datafield tag="035" ind1=" " ind2=" "><subfield code="z">(NjP)Voyager3090810</subfield></datafield><datafield tag="040" ind1=" " ind2=" "><subfield code="b">eng</subfield><subfield code="d">NjP-G</subfield><subfield code="d">CStRLIN</subfield><subfield code="c">NjP</subfield></datafield><datafield tag="043" ind1=" " ind2=" "><subfield code="a">a-cc---</subfield></datafield><datafield tag="050" ind1="0" ind2=" "><subfield code="a">DS773.89</subfield><subfield code="b">.M55</subfield></datafield><datafield tag="066" ind1=" " ind2=" "><subfield code="c">$1</subfield></datafield><datafield tag="082" ind1="0" ind2=" "><subfield code="a">951.04</subfield><subfield code="2">19</subfield></datafield><datafield tag="090" ind1=" " ind2=" "><subfield code="a">DS773.89</subfield><subfield code="b">.M55</subfield><subfield code="i">10/16/03 T</subfield><subfield code="h">01/02/03 T</subfield><subfield code="h">10/31/01 T</subfield><subfield code="h">05/18/00 T</subfield><subfield code="h">03/15/99 T</subfield><subfield code="h">08/26/97 T</subfield><subfield code="h">09/10/96 T</subfield><subfield code="h">09/05/95 T</subfield><subfield code="h">04/05/88 CT</subfield><subfield code="h">03/07/88 CT</subfield></datafield><datafield tag="245" ind1="0" ind2="0"><subfield code="6">880-01</subfield><subfield code="a">Minguo dang an =</subfield><subfield code="b">Republican archives /</subfield><subfield code="c">[Zhongguo di 2 li shi dang an guan].</subfield></datafield><datafield tag="880" ind1="0" ind2="0"><subfield code="6">245-01/$1</subfield><subfield code="a">民国档案 =</subfield><subfield code="b">Republican archives /</subfield><subfield code="c">[中国第2历史档案馆]．</subfield></datafield><datafield tag="246" ind1="3" ind2="1"><subfield code="a">Republican archives</subfield></datafield><datafield tag="246" ind1="3" ind2=" "><subfield code="a">Minguo danga̕n</subfield></datafield><datafield tag="260" ind1=" " ind2=" "><subfield code="6">880-02</subfield><subfield code="a">Nanjing Shi :</subfield><subfield code="b">"Minguo dang an" bian ji bu,</subfield><subfield code="c">1985-</subfield></datafield><datafield tag="880" ind1=" " ind2=" "><subfield code="6">260-02/$1</subfield><subfield code="a">南京市　:</subfield><subfield code="b">《民国档案》编辑部,</subfield><subfield code="c">1985-</subfield></datafield><datafield tag="300" ind1=" " ind2=" "><subfield code="a">v. :</subfield><subfield code="b">ill. ;</subfield><subfield code="c">26 cm.</subfield></datafield><datafield tag="310" ind1=" " ind2=" "><subfield code="a">Quarterly</subfield></datafield><datafield tag="362" ind1="0" ind2=" "><subfield code="6">880-03</subfield><subfield code="a">1985 nian di 1 qi (1985 nian 8 yue [Aug. 1985])-</subfield></datafield><datafield tag="880" ind1="0" ind2=" "><subfield code="6">362-03/$1</subfield><subfield code="a">1985年第1期　（1985年8月 [Aug. 1985]）－</subfield></datafield><datafield tag="500" ind1=" " ind2=" "><subfield code="a">Title from cover.</subfield></datafield><datafield tag="651" ind1=" " ind2="0"><subfield code="a">China</subfield><subfield code="x">History</subfield><subfield code="y">Republic, 1912-1949</subfield><subfield code="v">Sources</subfield><subfield code="v">Periodicals.</subfield></datafield><datafield tag="655" ind1=" " ind2="7"><subfield code="a">Periodicals.</subfield><subfield code="2">lcgft</subfield><subfield code="0">http://id.loc.gov/authorities/genreForms/gf2014026139</subfield></datafield><datafield tag="710" ind1="2" ind2=" "><subfield code="6">880-04</subfield><subfield code="a">Zhongguo di 2 li shi dang an guan.</subfield><subfield code="0">http://id.loc.gov/authorities/names/n80114813</subfield></datafield><datafield tag="880" ind1="2" ind2=" "><subfield code="6">710-04/$1</subfield><subfield code="a">中国第2历史档案馆．</subfield></datafield><datafield tag="914" ind1=" " ind2=" "><subfield code="a">(OCoLC)ocm13280343</subfield><subfield code="b">OCoLC</subfield><subfield code="c">field transfer</subfield><subfield code="d">20221117</subfield><subfield code="e">processed</subfield><subfield code="f">13280343</subfield></datafield><datafield tag="950" ind1=" " ind2=" "><subfield code="l">C</subfield><subfield code="v">No.1 (1985)-54 (1998)</subfield><subfield code="n">#9</subfield><subfield code="n">#50</subfield><subfield code="p">2</subfield><subfield code="h">04/05/88 C</subfield></datafield><datafield tag="955" ind1=" " ind2=" "><subfield code="l">C</subfield><subfield code="c">1:(no.39-42 1995)</subfield><subfield code="q">Joint 8-17-86</subfield><subfield code="r">32101026534048</subfield><subfield code="h">03/07/88 C</subfield></datafield><datafield tag="955" ind1=" " ind2=" "><subfield code="l">C</subfield><subfield code="c">1:(no.43-46 1996)</subfield><subfield code="r">32101033236975</subfield><subfield code="h">08/26/97 C</subfield></datafield><datafield tag="987" ind1=" " ind2=" "><subfield code="a">PINYIN</subfield><subfield code="b">NjP-G</subfield><subfield code="c">20011031</subfield><subfield code="d">c</subfield></datafield><datafield tag="998" ind1=" " ind2=" "><subfield code="a">10/16/03</subfield><subfield code="t">c</subfield><subfield code="s">9110</subfield><subfield code="n">NjP-G</subfield><subfield code="w">DCLCR86640284S</subfield><subfield code="d">05/18/00</subfield><subfield code="c">FSW</subfield><subfield code="b">SML</subfield><subfield code="i">031016</subfield><subfield code="h">030102</subfield><subfield code="h">011031</subfield><subfield code="h">000518</subfield><subfield code="h">990315</subfield><subfield code="h">970826</subfield><subfield code="h">960910</subfield><subfield code="h">950905</subfield><subfield code="h">880405</subfield><subfield code="h">880307</subfield><subfield code="l">NJPX</subfield></datafield><datafield tag="950" ind1=" " ind2=" "><subfield code="c">2026-02-27 04:21:27 US/Eastern</subfield><subfield code="b">2021-07-13 06:30:57 US/Eastern</subfield><subfield code="a">false</subfield></datafield><datafield tag="852" ind1="0" ind2=" "><subfield code="b">recap</subfield><subfield code="c">pa</subfield><subfield code="h">DS773.89</subfield><subfield code="i">.M55</subfield><subfield code="8">22719873600006421</subfield></datafield><datafield tag="866" ind1=" " ind2="0"><subfield code="a">No. 1 (1985)-no. 118 (2014) ; 2015 no. 1-2016 no. 4</subfield><subfield code="8">22719873600006421</subfield></datafield><datafield tag="952" ind1=" " ind2=" "><subfield code="d">2024-05-17 18:33:20</subfield><subfield code="8">22719873600006421</subfield><subfield code="a">2021-07-13 10:30:57</subfield><subfield code="b">ReCAP</subfield><subfield code="c">rcppa: RECAP</subfield><subfield code="e">false</subfield></datafield><datafield tag="852" ind1="0" ind2=" "><subfield code="b">eastasian</subfield><subfield code="c">cjk</subfield><subfield code="h">DS773.89</subfield><subfield code="i">.M55</subfield><subfield code="8">22719873440006421</subfield></datafield><datafield tag="866" ind1=" " ind2="0"><subfield code="a">2017 no. 1-2024 no. 4</subfield><subfield code="8">22719873440006421</subfield></datafield><datafield tag="866" ind1=" " ind2="0"><subfield code="z">CURRENT ISSUES IN: East Asian Library (Gest)</subfield><subfield code="8">22719873440006421</subfield></datafield><datafield tag="952" ind1=" " ind2=" "><subfield code="d">2026-01-13 18:53:04</subfield><subfield code="8">22719873440006421</subfield><subfield code="a">2021-07-13 10:30:57</subfield><subfield code="b">East Asian Library</subfield><subfield code="c">cjk: East Asian Library</subfield><subfield code="e">false</subfield></datafield><datafield tag="876" ind1=" " ind2=" "><subfield code="0">22719873600006421</subfield><subfield code="j">1</subfield><subfield code="z">pa</subfield><subfield code="p">32101108316769</subfield><subfield code="t">1</subfield><subfield code="a">23719873280006421</subfield><subfield code="3">2016 no. 1-4</subfield><subfield code="d">2021-02-17 19:00:00 US/Eastern</subfield><subfield code="q">2021-02-18 13:42:48 US/Eastern</subfield><subfield code="y">recap</subfield></datafield><datafield tag="876" ind1=" " ind2=" "><subfield code="0">22719873600006421</subfield><subfield code="j">1</subfield><subfield code="z">pa</subfield><subfield code="p">32101078884382</subfield><subfield code="t">1</subfield><subfield code="a">23719873450006421</subfield><subfield code="3">no.59-62 2000</subfield><subfield code="d">2001-10-22 20:00:00 US/Eastern</subfield><subfield code="q">2001-10-23 06:59:00 US/Eastern</subfield><subfield code="y">recap</subfield></datafield><datafield tag="876" ind1=" " ind2=" "><subfield code="0">22719873600006421</subfield><subfield code="j">1</subfield><subfield code="z">pa</subfield><subfield code="p">32101056667056</subfield><subfield code="t">1</subfield><subfield code="a">23719873190006421</subfield><subfield code="3">no.71-74 2003</subfield><subfield code="d">2004-10-12 20:00:00 US/Eastern</subfield><subfield code="q">2004-10-13 13:50:19 US/Eastern</subfield><subfield code="y">recap</subfield></datafield><datafield tag="876" ind1=" " ind2=" "><subfield code="0">22719873600006421</subfield><subfield code="j">1</subfield><subfield code="z">pa</subfield><subfield code="p">32101078884283</subfield><subfield code="t">1</subfield><subfield code="a">23719873530006421</subfield><subfield code="3">no.19-22 1990</subfield><subfield code="d">2010-10-19 20:00:00 US/Eastern</subfield><subfield code="q">2010-10-20 06:59:00 US/Eastern</subfield><subfield code="y">recap</subfield></datafield><datafield tag="876" ind1=" " ind2=" "><subfield code="0">22719873440006421</subfield><subfield code="j">1</subfield><subfield code="z">cjk</subfield><subfield code="p">32101108316751</subfield><subfield code="t">1</subfield><subfield code="a">23719873270006421</subfield><subfield code="3">2017 </subfield><subfield code="d">2021-02-17 19:00:00 US/Eastern</subfield><subfield code="q">2021-02-18 11:41:29 US/Eastern</subfield><subfield code="y">eastasian</subfield></datafield><datafield tag="876" ind1=" " ind2=" "><subfield code="0">22719873600006421</subfield><subfield code="j">1</subfield><subfield code="z">pa</subfield><subfield code="p">32101078884275</subfield><subfield code="t">1</subfield><subfield code="a">23719873540006421</subfield><subfield code="3">no.15-18 1989</subfield><subfield code="d">2010-10-19 20:00:00 US/Eastern</subfield><subfield code="q">2010-10-20 06:59:00 US/Eastern</subfield><subfield code="y">recap</subfield></datafield><datafield tag="876" ind1=" " ind2=" "><subfield code="0">22719873440006421</subfield><subfield code="j">1</subfield><subfield code="z">cjk</subfield><subfield code="p">32101113926719</subfield><subfield code="a">23993652230006421</subfield><subfield code="3">2021 </subfield><subfield code="d">2023-10-06 11:42:04 US/Eastern</subfield><subfield code="q">2023-10-06 11:42:17 US/Eastern</subfield><subfield code="y">eastasian</subfield></datafield><datafield tag="876" ind1=" " ind2=" "><subfield code="0">22719873440006421</subfield><subfield code="j">1</subfield><subfield code="z">cjk</subfield><subfield code="p">32101113926768</subfield><subfield code="a">23993652240006421</subfield><subfield code="3">2020 </subfield><subfield code="d">2023-10-06 11:40:10 US/Eastern</subfield><subfield code="q">2023-10-06 11:40:57 US/Eastern</subfield><subfield code="y">eastasian</subfield></datafield><datafield tag="876" ind1=" " ind2=" "><subfield code="0">22719873600006421</subfield><subfield code="j">1</subfield><subfield code="z">pa</subfield><subfield code="p">32101077516605</subfield><subfield code="t">1</subfield><subfield code="a">23719873330006421</subfield><subfield code="3">no.91-94 2008</subfield><subfield code="d">2011-01-17 19:00:00 US/Eastern</subfield><subfield code="q">2011-01-18 13:43:57 US/Eastern</subfield><subfield code="y">recap</subfield></datafield><datafield tag="876" ind1=" " ind2=" "><subfield code="0">22719873600006421</subfield><subfield code="j">1</subfield><subfield code="z">pa</subfield><subfield code="p">32101075340875</subfield><subfield code="t">1</subfield><subfield code="a">23719873350006421</subfield><subfield code="3">no.87-90 2007</subfield><subfield code="d">2009-12-01 19:00:00 US/Eastern</subfield><subfield code="q">2009-12-02 13:44:36 US/Eastern</subfield><subfield code="y">recap</subfield></datafield><datafield tag="876" ind1=" " ind2=" "><subfield code="0">22719873600006421</subfield><subfield code="j">1</subfield><subfield code="z">pa</subfield><subfield code="p">32101066004043</subfield><subfield code="t">1</subfield><subfield code="a">23719873360006421</subfield><subfield code="3">no.83-86 2006</subfield><subfield code="d">2008-11-13 19:00:00 US/Eastern</subfield><subfield code="q">2008-11-14 13:49:07 US/Eastern</subfield><subfield code="y">recap</subfield></datafield><datafield tag="876" ind1=" " ind2=" "><subfield code="0">22719873600006421</subfield><subfield code="j">1</subfield><subfield code="z">pa</subfield><subfield code="p">32101060517057</subfield><subfield code="t">1</subfield><subfield code="a">23719873370006421</subfield><subfield code="3">no.79-82 2005</subfield><subfield code="d">2007-03-28 20:00:00 US/Eastern</subfield><subfield code="q">2007-03-29 13:50:00 US/Eastern</subfield><subfield code="y">recap</subfield></datafield><datafield tag="876" ind1=" " ind2=" "><subfield code="0">22719873600006421</subfield><subfield code="j">1</subfield><subfield code="z">pa</subfield><subfield code="p">32101056632605</subfield><subfield code="t">1</subfield><subfield code="a">23719873380006421</subfield><subfield code="3">no.75-78 2004</subfield><subfield code="d">2005-10-25 20:00:00 US/Eastern</subfield><subfield code="q">2005-10-26 13:49:43 US/Eastern</subfield><subfield code="y">recap</subfield></datafield><datafield tag="876" ind1=" " ind2=" "><subfield code="0">22719873600006421</subfield><subfield code="j">1</subfield><subfield code="z">pa</subfield><subfield code="p">32101078979927</subfield><subfield code="t">1</subfield><subfield code="a">23719873340006421</subfield><subfield code="3">no.95-98 2009</subfield><subfield code="d">2010-11-15 19:00:00 US/Eastern</subfield><subfield code="q">2010-11-16 13:41:22 US/Eastern</subfield><subfield code="y">recap</subfield></datafield><datafield tag="876" ind1=" " ind2=" "><subfield code="0">22719873600006421</subfield><subfield code="j">1</subfield><subfield code="z">pa</subfield><subfield code="p">32101078884374</subfield><subfield code="t">1</subfield><subfield code="a">23719873570006421</subfield><subfield code="3">no.55-58 1999</subfield><subfield code="d">2001-01-07 19:00:00 US/Eastern</subfield><subfield code="q">2001-01-08 05:59:00 US/Eastern</subfield><subfield code="y">recap</subfield></datafield><datafield tag="876" ind1=" " ind2=" "><subfield code="0">22719873600006421</subfield><subfield code="j">1</subfield><subfield code="z">pa</subfield><subfield code="p">32101078884317</subfield><subfield code="t">1</subfield><subfield code="a">23719873500006421</subfield><subfield code="3">no.31-34 1993</subfield><subfield code="d">2010-10-19 20:00:00 US/Eastern</subfield><subfield code="q">2010-10-20 06:59:00 US/Eastern</subfield><subfield code="y">recap</subfield></datafield><datafield tag="876" ind1=" " ind2=" "><subfield code="0">22719873600006421</subfield><subfield code="j">1</subfield><subfield code="z">pa</subfield><subfield code="p">32101078884333</subfield><subfield code="t">1</subfield><subfield code="a">23719873480006421</subfield><subfield code="3">no.39-42 1995</subfield><subfield code="d">2010-10-19 20:00:00 US/Eastern</subfield><subfield code="q">2010-10-20 06:59:00 US/Eastern</subfield><subfield code="y">recap</subfield></datafield><datafield tag="876" ind1=" " ind2=" "><subfield code="0">22719873600006421</subfield><subfield code="j">1</subfield><subfield code="z">pa</subfield><subfield code="p">32101078884325</subfield><subfield code="t">1</subfield><subfield code="a">23719873490006421</subfield><subfield code="3">no.35-38 1994</subfield><subfield code="d">2010-10-19 20:00:00 US/Eastern</subfield><subfield code="q">2010-10-20 06:59:00 US/Eastern</subfield><subfield code="y">recap</subfield></datafield><datafield tag="876" ind1=" " ind2=" "><subfield code="0">22719873600006421</subfield><subfield code="j">1</subfield><subfield code="z">pa</subfield><subfield code="p">32101078884259</subfield><subfield code="t">1</subfield><subfield code="a">23719873560006421</subfield><subfield code="3">no.7-10 1987</subfield><subfield code="d">2010-10-19 20:00:00 US/Eastern</subfield><subfield code="q">2010-10-20 06:59:00 US/Eastern</subfield><subfield code="y">recap</subfield></datafield><datafield tag="876" ind1=" " ind2=" "><subfield code="0">22719873600006421</subfield><subfield code="j">1</subfield><subfield code="z">pa</subfield><subfield code="p">32101078884366</subfield><subfield code="t">1</subfield><subfield code="a">23719873580006421</subfield><subfield code="3">no.51-54 1998</subfield><subfield code="d">2000-06-12 20:00:00 US/Eastern</subfield><subfield code="q">2000-06-13 06:59:00 US/Eastern</subfield><subfield code="y">recap</subfield></datafield><datafield tag="876" ind1=" " ind2=" "><subfield code="0">22719873440006421</subfield><subfield code="j">1</subfield><subfield code="z">cjk</subfield><subfield code="p">32101113926750</subfield><subfield code="a">23993652220006421</subfield><subfield code="3">2022 </subfield><subfield code="d">2023-10-06 11:42:43 US/Eastern</subfield><subfield code="q">2023-10-06 11:42:56 US/Eastern</subfield><subfield code="y">eastasian</subfield></datafield><datafield tag="876" ind1=" " ind2=" "><subfield code="0">22719873600006421</subfield><subfield code="j">1</subfield><subfield code="z">pa</subfield><subfield code="p">32101078884358</subfield><subfield code="t">1</subfield><subfield code="a">23719873590006421</subfield><subfield code="3">no.47-50 1997</subfield><subfield code="d">2000-06-12 20:00:00 US/Eastern</subfield><subfield code="q">2000-06-13 06:59:00 US/Eastern</subfield><subfield code="y">recap</subfield></datafield><datafield tag="876" ind1=" " ind2=" "><subfield code="0">22719873600006421</subfield><subfield code="j">1</subfield><subfield code="z">pa</subfield><subfield code="p">32101078884267</subfield><subfield code="t">1</subfield><subfield code="a">23719873550006421</subfield><subfield code="3">no.11-14 1988</subfield><subfield code="d">2010-10-19 20:00:00 US/Eastern</subfield><subfield code="q">2010-10-20 06:59:00 US/Eastern</subfield><subfield code="y">recap</subfield></datafield><datafield tag="876" ind1=" " ind2=" "><subfield code="0">22719873600006421</subfield><subfield code="j">1</subfield><subfield code="z">pa</subfield><subfield code="p">32101078884341</subfield><subfield code="t">1</subfield><subfield code="a">23719873470006421</subfield><subfield code="3">no.43-46 1996</subfield><subfield code="d">2010-10-19 20:00:00 US/Eastern</subfield><subfield code="q">2010-10-20 06:59:00 US/Eastern</subfield><subfield code="y">recap</subfield></datafield><datafield tag="876" ind1=" " ind2=" "><subfield code="0">22719873600006421</subfield><subfield code="j">1</subfield><subfield code="z">pa</subfield><subfield code="p">32101078884309</subfield><subfield code="t">1</subfield><subfield code="a">23719873510006421</subfield><subfield code="3">no.27-30 1992</subfield><subfield code="d">2010-10-19 20:00:00 US/Eastern</subfield><subfield code="q">2010-10-20 06:59:00 US/Eastern</subfield><subfield code="y">recap</subfield></datafield><datafield tag="876" ind1=" " ind2=" "><subfield code="0">22719873600006421</subfield><subfield code="j">1</subfield><subfield code="z">pa</subfield><subfield code="p">32101078884291</subfield><subfield code="t">1</subfield><subfield code="a">23719873520006421</subfield><subfield code="3">no.23-26 1991</subfield><subfield code="d">2010-10-19 20:00:00 US/Eastern</subfield><subfield code="q">2010-10-20 06:59:00 US/Eastern</subfield><subfield code="y">recap</subfield></datafield><datafield tag="876" ind1=" " ind2=" "><subfield code="0">22719873600006421</subfield><subfield code="j">1</subfield><subfield code="z">pa</subfield><subfield code="p">32101078884242</subfield><subfield code="t">1</subfield><subfield code="a">23719873460006421</subfield><subfield code="3">no.1-6 1985-1986</subfield><subfield code="d">2010-10-18 20:00:00 US/Eastern</subfield><subfield code="q">2010-10-19 06:59:00 US/Eastern</subfield><subfield code="y">recap</subfield></datafield><datafield tag="876" ind1=" " ind2=" "><subfield code="0">22719873600006421</subfield><subfield code="j">1</subfield><subfield code="z">pa</subfield><subfield code="p">32101104403694</subfield><subfield code="a">23910392990006421</subfield><subfield code="3">2015 no. 1-4 </subfield><subfield code="d">2021-12-16 18:00:59 US/Eastern</subfield><subfield code="y">recap</subfield></datafield><datafield tag="876" ind1=" " ind2=" "><subfield code="0">22719873440006421</subfield><subfield code="j">1</subfield><subfield code="z">cjk</subfield><subfield code="p">32101115489591</subfield><subfield code="a">231002400560006421</subfield><subfield code="3">2023 </subfield><subfield code="d">2023-11-29 10:28:59 US/Eastern</subfield><subfield code="q">2024-05-17 14:33:56 US/Eastern</subfield><subfield code="y">eastasian</subfield></datafield><datafield tag="876" ind1=" " ind2=" "><subfield code="0">22719873600006421</subfield><subfield code="j">1</subfield><subfield code="z">pa</subfield><subfield code="p">32101093207049</subfield><subfield code="t">1</subfield><subfield code="a">23719873310006421</subfield><subfield code="3">no.103-106 2011</subfield><subfield code="d">2013-10-15 20:00:00 US/Eastern</subfield><subfield code="q">2013-10-16 13:45:14 US/Eastern</subfield><subfield code="y">recap</subfield></datafield><datafield tag="876" ind1=" " ind2=" "><subfield code="0">22719873600006421</subfield><subfield code="j">1</subfield><subfield code="z">pa</subfield><subfield code="p">32101086336102</subfield><subfield code="t">1</subfield><subfield code="a">23719873320006421</subfield><subfield code="3">no.99-102 2010</subfield><subfield code="d">2012-07-23 20:00:00 US/Eastern</subfield><subfield code="q">2012-07-24 13:44:55 US/Eastern</subfield><subfield code="y">recap</subfield></datafield><datafield tag="876" ind1=" " ind2=" "><subfield code="0">22719873600006421</subfield><subfield code="j">1</subfield><subfield code="z">pa</subfield><subfield code="p">32101080397068</subfield><subfield code="t">1</subfield><subfield code="a">23719873300006421</subfield><subfield code="3">no.111-114 2013</subfield><subfield code="d">2015-01-18 19:00:00 US/Eastern</subfield><subfield code="q">2015-01-19 13:42:15 US/Eastern</subfield><subfield code="y">recap</subfield></datafield><datafield tag="876" ind1=" " ind2=" "><subfield code="0">22719873600006421</subfield><subfield code="j">1</subfield><subfield code="z">pa</subfield><subfield code="p">32101095361729</subfield><subfield code="t">1</subfield><subfield code="a">23719873170006421</subfield><subfield code="3">no.115-118 2014</subfield><subfield code="d">2016-01-25 19:00:00 US/Eastern</subfield><subfield code="q">2016-01-26 13:41:56 US/Eastern</subfield><subfield code="y">recap</subfield></datafield><datafield tag="876" ind1=" " ind2=" "><subfield code="0">22719873440006421</subfield><subfield code="j">1</subfield><subfield code="z">cjk</subfield><subfield code="p">32101108316744</subfield><subfield code="t">1</subfield><subfield code="a">23719873260006421</subfield><subfield code="3">2018 </subfield><subfield code="d">2021-02-17 19:00:00 US/Eastern</subfield><subfield code="q">2021-02-18 11:41:43 US/Eastern</subfield><subfield code="y">eastasian</subfield></datafield><datafield tag="876" ind1=" " ind2=" "><subfield code="0">22719873440006421</subfield><subfield code="j">1</subfield><subfield code="z">cjk</subfield><subfield code="p">32101108316736</subfield><subfield code="t">1</subfield><subfield code="a">23719873230006421</subfield><subfield code="3">2019 </subfield><subfield code="d">2021-02-17 19:00:00 US/Eastern</subfield><subfield code="q">2021-02-18 11:41:56 US/Eastern</subfield><subfield code="y">eastasian</subfield></datafield><datafield tag="876" ind1=" " ind2=" "><subfield code="0">22719873600006421</subfield><subfield code="j">1</subfield><subfield code="z">pa</subfield><subfield code="p">32101093171971</subfield><subfield code="t">1</subfield><subfield code="a">23719873180006421</subfield><subfield code="3">no.107-110 2012</subfield><subfield code="d">2013-11-10 19:00:00 US/Eastern</subfield><subfield code="q">2013-11-11 13:44:15 US/Eastern</subfield><subfield code="y">recap</subfield></datafield><datafield tag="876" ind1=" " ind2=" "><subfield code="0">22719873600006421</subfield><subfield code="j">1</subfield><subfield code="z">pa</subfield><subfield code="p">32101050110871</subfield><subfield code="t">1</subfield><subfield code="a">23719873220006421</subfield><subfield code="3">no.63-70 2001-2002</subfield><subfield code="d">2003-10-15 20:00:00 US/Eastern</subfield><subfield code="q">2003-10-16 13:50:39 US/Eastern</subfield><subfield code="y">recap</subfield></datafield><datafield tag="876" ind1=" " ind2=" "><subfield code="0">22719873440006421</subfield><subfield code="j">1</subfield><subfield code="z">cjk</subfield><subfield code="a">231095439630006421</subfield><subfield code="3">2025 no. 1 </subfield><subfield code="d">2025-12-11 16:08:38 US/Eastern</subfield><subfield code="q">2025-12-11 16:08:52 US/Eastern</subfield><subfield code="y">eastasian</subfield></datafield><datafield tag="876" ind1=" " ind2=" "><subfield code="0">22719873440006421</subfield><subfield code="j">1</subfield><subfield code="z">cjk</subfield><subfield code="a">231100749880006421</subfield><subfield code="3">2025, no. 2 </subfield><subfield code="d">2026-01-16 14:05:19 US/Eastern</subfield><subfield code="q">2026-01-16 14:05:19 US/Eastern</subfield><subfield code="y">eastasian</subfield></datafield><datafield tag="876" ind1=" " ind2=" "><subfield code="0">22719873440006421</subfield><subfield code="j">1</subfield><subfield code="z">cjk</subfield><subfield code="p">32101114066028</subfield><subfield code="a">231100160960006421</subfield><subfield code="3">2024 </subfield><subfield code="d">2026-01-13 13:53:33 US/Eastern</subfield><subfield code="q">2026-01-13 13:53:46 US/Eastern</subfield><subfield code="y">eastasian</subfield></datafield></record>