<record><leader>02158cas a2200457 a 4500</leader><controlfield tag="005">20240912125749.0</controlfield><controlfield tag="008">010215c19969999cc mr p       0   e0chi d</controlfield><controlfield tag="001">9933125053506421</controlfield><datafield tag="022" ind1=" " ind2=" "><subfield code="a">1007-0915</subfield></datafield><datafield tag="035" ind1=" " ind2=" "><subfield code="a">(CStRLIN)NJPX01-S134</subfield></datafield><datafield tag="035" ind1=" " ind2=" "><subfield code="a">(NjP)3312505-princetondb</subfield></datafield><datafield tag="035" ind1=" " ind2=" "><subfield code="a">(OCoLC)ocm46489849</subfield></datafield><datafield tag="035" ind1=" " ind2=" "><subfield code="z">(NjP)Voyager3312505</subfield></datafield><datafield tag="040" ind1=" " ind2=" "><subfield code="a">NjP-G</subfield><subfield code="b">eng</subfield><subfield code="c">NjP-G</subfield></datafield><datafield tag="043" ind1=" " ind2=" "><subfield code="a">a-cc---</subfield></datafield><datafield tag="066" ind1=" " ind2=" "><subfield code="c">$1</subfield></datafield><datafield tag="090" ind1=" " ind2=" "><subfield code="a">DS712</subfield><subfield code="b">.L83</subfield><subfield code="i">10/31/03 T</subfield><subfield code="h">02/15/01 T</subfield></datafield><datafield tag="130" ind1="0" ind2=" "><subfield code="6">880-01</subfield><subfield code="a">Lü xing jia (Zhongguo Zhong lü ji tuan gong si)</subfield></datafield><datafield tag="880" ind1="0" ind2=" "><subfield code="6">130-01/$1</subfield><subfield code="a">旅行家 (Zhongguo Zhong lü ji tuan gong si)</subfield></datafield><datafield tag="245" ind1="1" ind2="0"><subfield code="6">880-02</subfield><subfield code="a">Lü xing jia =</subfield><subfield code="b">Traveler magazine.</subfield></datafield><datafield tag="880" ind1="1" ind2="0"><subfield code="6">245-02/$1</subfield><subfield code="a">旅行家 =</subfield><subfield code="b">Traveler magazine.</subfield></datafield><datafield tag="246" ind1="3" ind2="1"><subfield code="a">Traveler magazine</subfield></datafield><datafield tag="260" ind1=" " ind2=" "><subfield code="6">880-03</subfield><subfield code="a">Beijing :</subfield><subfield code="b">Lü xing jia za zhi she,</subfield><subfield code="c">1996-</subfield></datafield><datafield tag="880" ind1=" " ind2=" "><subfield code="6">260-03/$1</subfield><subfield code="a">北京　：</subfield><subfield code="b">旅行家杂志社,</subfield><subfield code="c">1996-</subfield></datafield><datafield tag="300" ind1=" " ind2=" "><subfield code="a">v. :</subfield><subfield code="b">ill. ;</subfield><subfield code="c">29 cm.</subfield></datafield><datafield tag="310" ind1=" " ind2=" "><subfield code="a">Monthly</subfield></datafield><datafield tag="362" ind1="0" ind2=" "><subfield code="6">880-04</subfield><subfield code="a">1996, 1- = Zong no.1-</subfield></datafield><datafield tag="880" ind1="0" ind2=" "><subfield code="6">362-04/$1</subfield><subfield code="a">1996, 1- = 总 no.1-</subfield></datafield><datafield tag="500" ind1=" " ind2=" "><subfield code="a">Title from cover.</subfield></datafield><datafield tag="550" ind1=" " ind2=" "><subfield code="a">Sponsored by: Zhongguo Zhong lü ji tuan gong si.</subfield></datafield><datafield tag="583" ind1="1" ind2=" "><subfield code="a">Committed to retain</subfield><subfield code="d">in perpetuity</subfield><subfield code="f">ReCAP</subfield><subfield code="f">Chinese Serials Collaborative Collection</subfield><subfield code="5">[MH, NjP, NN, or NNC]</subfield><subfield code="u">http://arks.princeton.edu/ark:/88435/dcxg94j1575</subfield></datafield><datafield tag="651" ind1=" " ind2="0"><subfield code="a">China</subfield><subfield code="x">Description and travel</subfield><subfield code="v">Periodicals.</subfield></datafield><datafield tag="650" ind1=" " ind2="0"><subfield code="a">Voyages and travels</subfield><subfield code="v">Periodicals.</subfield></datafield><datafield tag="655" ind1=" " ind2="7"><subfield code="a">Periodicals.</subfield><subfield code="2">lcgft</subfield><subfield code="0">http://id.loc.gov/authorities/genreForms/gf2014026139</subfield></datafield><datafield tag="710" ind1="2" ind2=" "><subfield code="6">880-05</subfield><subfield code="a">Zhongguo Zhong lü ji tuan gong si.</subfield></datafield><datafield tag="880" ind1="2" ind2=" "><subfield code="6">710-05/$1</subfield><subfield code="a">中国中旅集团公司.</subfield></datafield><datafield tag="914" ind1=" " ind2=" "><subfield code="a">(OCoLC)ocm46489849</subfield><subfield code="b">OCoLC</subfield><subfield code="c">match</subfield><subfield code="d">20230125</subfield><subfield code="e">processed</subfield><subfield code="f">46489849</subfield></datafield><datafield tag="950" ind1=" " ind2=" "><subfield code="l">C</subfield><subfield code="v">No.8 (1996)-no.12 (1996),no.16 (1997)-no.18 (1997),no.22 (1997)-no.26 (1998),no.28 (1998)-no.42 (1999)</subfield><subfield code="p">2</subfield></datafield><datafield tag="955" ind1=" " ind2=" "><subfield code="l">C</subfield><subfield code="c">1</subfield><subfield code="h">02/15/01 C</subfield></datafield><datafield tag="987" ind1=" " ind2=" "><subfield code="a">PINYIN</subfield><subfield code="c">NjP-G</subfield><subfield code="d">c</subfield></datafield><datafield tag="998" ind1=" " ind2=" "><subfield code="a">10/31/03</subfield><subfield code="t">c</subfield><subfield code="s">9114</subfield><subfield code="n">NjP-G</subfield><subfield code="w">NJPX01S134</subfield><subfield code="d">02/15/01</subfield><subfield code="c">CSW</subfield><subfield code="b">CSW</subfield><subfield code="i">031031</subfield><subfield code="h">010215</subfield><subfield code="l">NJPX</subfield></datafield><datafield tag="950" ind1=" " ind2=" "><subfield code="c">2026-02-27 04:20:23 US/Eastern</subfield><subfield code="b">2021-07-12 20:17:56 US/Eastern</subfield><subfield code="a">false</subfield></datafield><datafield tag="852" ind1="0" ind2=" "><subfield code="b">eastasian</subfield><subfield code="c">cjk</subfield><subfield code="h">DS712</subfield><subfield code="i">.L83</subfield><subfield code="8">22609336460006421</subfield></datafield><datafield tag="866" ind1=" " ind2="0"><subfield code="a">2020 no. 1-2024 no. 12</subfield><subfield code="8">22609336460006421</subfield></datafield><datafield tag="866" ind1=" " ind2="0"><subfield code="z">CURRENT ISSUES IN: East Asian Library (Gest)</subfield><subfield code="8">22609336460006421</subfield></datafield><datafield tag="952" ind1=" " ind2=" "><subfield code="d">2026-01-13 18:45:12</subfield><subfield code="8">22609336460006421</subfield><subfield code="a">2021-07-13 00:17:56</subfield><subfield code="b">East Asian Library</subfield><subfield code="c">cjk: East Asian Library</subfield><subfield code="e">false</subfield></datafield><datafield tag="852" ind1="0" ind2=" "><subfield code="b">recap</subfield><subfield code="c">pa</subfield><subfield code="h">DS712</subfield><subfield code="i">.L83</subfield><subfield code="8">22609336090006421</subfield></datafield><datafield tag="866" ind1=" " ind2="0"><subfield code="a">No. 1 (1996)-no. 288 (2019)</subfield><subfield code="8">22609336090006421</subfield></datafield><datafield tag="952" ind1=" " ind2=" "><subfield code="d">2025-08-07 18:08:46</subfield><subfield code="8">22609336090006421</subfield><subfield code="a">2021-07-13 00:17:56</subfield><subfield code="b">ReCAP</subfield><subfield code="c">rcppa: RECAP</subfield><subfield code="e">false</subfield></datafield><datafield tag="876" ind1=" " ind2=" "><subfield code="0">22609336090006421</subfield><subfield code="j">1</subfield><subfield code="z">pa</subfield><subfield code="p">32101066176692</subfield><subfield code="t">1</subfield><subfield code="a">23609336180006421</subfield><subfield code="3">no.217-219 2014</subfield><subfield code="d">2014-12-07 19:00:00 US/Eastern</subfield><subfield code="q">2014-12-08 14:42:12 US/Eastern</subfield><subfield code="y">recap</subfield></datafield><datafield tag="876" ind1=" " ind2=" "><subfield code="0">22609336090006421</subfield><subfield code="j">1</subfield><subfield code="z">pa</subfield><subfield code="p">32101081426957</subfield><subfield code="t">1</subfield><subfield code="a">23609336190006421</subfield><subfield code="3">no.226-228 2014</subfield><subfield code="d">2015-06-21 20:00:00 US/Eastern</subfield><subfield code="q">2015-06-22 14:41:08 US/Eastern</subfield><subfield code="y">recap</subfield></datafield><datafield tag="876" ind1=" " ind2=" "><subfield code="0">22609336090006421</subfield><subfield code="j">1</subfield><subfield code="z">pa</subfield><subfield code="p">32101099722876</subfield><subfield code="t">1</subfield><subfield code="a">23609336170006421</subfield><subfield code="3">no.229-231 2015</subfield><subfield code="d">2016-06-06 20:00:00 US/Eastern</subfield><subfield code="q">2016-06-07 14:40:32 US/Eastern</subfield><subfield code="y">recap</subfield></datafield><datafield tag="876" ind1=" " ind2=" "><subfield code="0">22609336090006421</subfield><subfield code="j">1</subfield><subfield code="z">pa</subfield><subfield code="p">32101099722892</subfield><subfield code="t">1</subfield><subfield code="a">23609336150006421</subfield><subfield code="3">no.235-237 2015</subfield><subfield code="d">2016-06-06 20:00:00 US/Eastern</subfield><subfield code="q">2016-06-07 14:42:51 US/Eastern</subfield><subfield code="y">recap</subfield></datafield><datafield tag="876" ind1=" " ind2=" "><subfield code="0">22609336090006421</subfield><subfield code="j">1</subfield><subfield code="z">pa</subfield><subfield code="p">32101097830929</subfield><subfield code="t">1</subfield><subfield code="a">23609336140006421</subfield><subfield code="3">no.253-256 2017</subfield><subfield code="d">2018-09-17 20:00:00 US/Eastern</subfield><subfield code="q">2018-09-18 14:00:51 US/Eastern</subfield><subfield code="y">recap</subfield></datafield><datafield tag="876" ind1=" " ind2=" "><subfield code="0">22609336090006421</subfield><subfield code="j">1</subfield><subfield code="z">pa</subfield><subfield code="p">32101099722884</subfield><subfield code="t">1</subfield><subfield code="a">23609336160006421</subfield><subfield code="3">no.232-234 2015</subfield><subfield code="d">2016-06-06 20:00:00 US/Eastern</subfield><subfield code="q">2016-06-07 14:40:06 US/Eastern</subfield><subfield code="y">recap</subfield></datafield><datafield tag="876" ind1=" " ind2=" "><subfield code="0">22609336090006421</subfield><subfield code="j">1</subfield><subfield code="z">pa</subfield><subfield code="p">32101050113024</subfield><subfield code="t">1</subfield><subfield code="a">23609335990006421</subfield><subfield code="3">no.28-31 1998</subfield><subfield code="d">2001-02-14 19:00:00 US/Eastern</subfield><subfield code="q">2001-02-15 05:59:00 US/Eastern</subfield><subfield code="y">recap</subfield></datafield><datafield tag="876" ind1=" " ind2=" "><subfield code="0">22609336460006421</subfield><subfield code="j">1</subfield><subfield code="z">cjk</subfield><subfield code="p">32101113926230</subfield><subfield code="a">23993678600006421</subfield><subfield code="3">2022 no. 5-8 </subfield><subfield code="d">2023-10-05 12:43:47 US/Eastern</subfield><subfield code="q">2023-10-05 12:44:03 US/Eastern</subfield><subfield code="y">eastasian</subfield></datafield><datafield tag="876" ind1=" " ind2=" "><subfield code="0">22609336090006421</subfield><subfield code="j">1</subfield><subfield code="z">pa</subfield><subfield code="p">32101048736159</subfield><subfield code="t">1</subfield><subfield code="a">23609335950006421</subfield><subfield code="3">no.1-7 1996</subfield><subfield code="d">2001-06-06 20:00:00 US/Eastern</subfield><subfield code="q">2001-06-07 06:59:00 US/Eastern</subfield><subfield code="y">recap</subfield></datafield><datafield tag="876" ind1=" " ind2=" "><subfield code="0">22609336090006421</subfield><subfield code="j">1</subfield><subfield code="z">pa</subfield><subfield code="p">32101086338132</subfield><subfield code="t">1</subfield><subfield code="a">23609335680006421</subfield><subfield code="3">no.189-192 2011</subfield><subfield code="d">2012-08-07 20:00:00 US/Eastern</subfield><subfield code="q">2012-08-08 06:59:00 US/Eastern</subfield><subfield code="y">recap</subfield></datafield><datafield tag="876" ind1=" " ind2=" "><subfield code="0">22609336090006421</subfield><subfield code="j">1</subfield><subfield code="z">pa</subfield><subfield code="p">32101048736506</subfield><subfield code="t">1</subfield><subfield code="a">23609335930006421</subfield><subfield code="3">no.19-21 1997</subfield><subfield code="d">2003-06-30 20:00:00 US/Eastern</subfield><subfield code="q">2003-07-01 06:59:00 US/Eastern</subfield><subfield code="y">recap</subfield></datafield><datafield tag="876" ind1=" " ind2=" "><subfield code="0">22609336460006421</subfield><subfield code="j">1</subfield><subfield code="z">cjk</subfield><subfield code="p">32101114064288</subfield><subfield code="a">231090553550006421</subfield><subfield code="3">2024 no. 5-8 </subfield><subfield code="d">2025-10-14 13:29:21 US/Eastern</subfield><subfield code="q">2025-10-14 13:29:40 US/Eastern</subfield><subfield code="y">eastasian</subfield></datafield><datafield tag="876" ind1=" " ind2=" "><subfield code="0">22609336090006421</subfield><subfield code="j">1</subfield><subfield code="z">pa</subfield><subfield code="p">32101050113040</subfield><subfield code="t">1</subfield><subfield code="a">23609335970006421</subfield><subfield code="3">no.37-42 1999</subfield><subfield code="d">2001-02-14 19:00:00 US/Eastern</subfield><subfield code="q">2001-02-15 05:59:00 US/Eastern</subfield><subfield code="y">recap</subfield></datafield><datafield tag="876" ind1=" " ind2=" "><subfield code="0">22609336090006421</subfield><subfield code="j">1</subfield><subfield code="z">pa</subfield><subfield code="p">32101056634403</subfield><subfield code="t">1</subfield><subfield code="a">23609335910006421</subfield><subfield code="3">no.109-112 2005</subfield><subfield code="d">2005-11-21 19:00:00 US/Eastern</subfield><subfield code="q">2005-11-22 05:59:00 US/Eastern</subfield><subfield code="y">recap</subfield></datafield><datafield tag="876" ind1=" " ind2=" "><subfield code="0">22609336090006421</subfield><subfield code="j">1</subfield><subfield code="z">pa</subfield><subfield code="p">32101050112992</subfield><subfield code="t">1</subfield><subfield code="a">23609336030006421</subfield><subfield code="3">no.16-18 1997</subfield><subfield code="d">2001-02-14 19:00:00 US/Eastern</subfield><subfield code="q">2001-02-15 05:59:00 US/Eastern</subfield><subfield code="y">recap</subfield></datafield><datafield tag="876" ind1=" " ind2=" "><subfield code="0">22609336090006421</subfield><subfield code="j">1</subfield><subfield code="z">pa</subfield><subfield code="p">32101078980677</subfield><subfield code="t">1</subfield><subfield code="a">23609335730006421</subfield><subfield code="3">no.165-168 2009</subfield><subfield code="d">2010-11-21 19:00:00 US/Eastern</subfield><subfield code="q">2010-11-22 05:59:00 US/Eastern</subfield><subfield code="y">recap</subfield></datafield><datafield tag="876" ind1=" " ind2=" "><subfield code="0">22609336090006421</subfield><subfield code="j">1</subfield><subfield code="z">pa</subfield><subfield code="p">32101063085920</subfield><subfield code="t">1</subfield><subfield code="a">23609335750006421</subfield><subfield code="3">no.125-128 2006</subfield><subfield code="d">2007-10-18 20:00:00 US/Eastern</subfield><subfield code="q">2007-10-19 06:59:00 US/Eastern</subfield><subfield code="y">recap</subfield></datafield><datafield tag="876" ind1=" " ind2=" "><subfield code="0">22609336090006421</subfield><subfield code="j">1</subfield><subfield code="z">pa</subfield><subfield code="p">32101097830903</subfield><subfield code="t">1</subfield><subfield code="a">23609336120006421</subfield><subfield code="3">no.261-264 2017</subfield><subfield code="d">2018-09-17 20:00:00 US/Eastern</subfield><subfield code="q">2018-09-18 14:01:04 US/Eastern</subfield><subfield code="y">recap</subfield></datafield><datafield tag="876" ind1=" " ind2=" "><subfield code="0">22609336090006421</subfield><subfield code="j">1</subfield><subfield code="z">pa</subfield><subfield code="p">32101086655238</subfield><subfield code="t">1</subfield><subfield code="a">23609335880006421</subfield><subfield code="3">no.208-210 2013</subfield><subfield code="d">2014-03-05 19:00:00 US/Eastern</subfield><subfield code="q">2014-03-06 05:59:00 US/Eastern</subfield><subfield code="y">recap</subfield></datafield><datafield tag="876" ind1=" " ind2=" "><subfield code="0">22609336090006421</subfield><subfield code="j">1</subfield><subfield code="z">pa</subfield><subfield code="p">32101050113008</subfield><subfield code="t">1</subfield><subfield code="a">23609336010006421</subfield><subfield code="3">no.22-24 1997</subfield><subfield code="d">2001-02-14 19:00:00 US/Eastern</subfield><subfield code="q">2001-02-15 05:59:00 US/Eastern</subfield><subfield code="y">recap</subfield></datafield><datafield tag="876" ind1=" " ind2=" "><subfield code="0">22609336090006421</subfield><subfield code="j">1</subfield><subfield code="z">pa</subfield><subfield code="p">32101097830937</subfield><subfield code="t">1</subfield><subfield code="a">23609336100006421</subfield><subfield code="3">no.249-252 2016</subfield><subfield code="d">2018-09-17 20:00:00 US/Eastern</subfield><subfield code="q">2018-09-18 15:54:02 US/Eastern</subfield><subfield code="y">recap</subfield></datafield><datafield tag="876" ind1=" " ind2=" "><subfield code="0">22609336090006421</subfield><subfield code="j">1</subfield><subfield code="z">pa</subfield><subfield code="p">32101050110251</subfield><subfield code="t">1</subfield><subfield code="a">23609335800006421</subfield><subfield code="3">no.79-84 2002</subfield><subfield code="d">2003-10-12 20:00:00 US/Eastern</subfield><subfield code="q">2003-10-13 06:59:00 US/Eastern</subfield><subfield code="y">recap</subfield></datafield><datafield tag="876" ind1=" " ind2=" "><subfield code="0">22609336090006421</subfield><subfield code="j">1</subfield><subfield code="z">pa</subfield><subfield code="p">32101046249023</subfield><subfield code="t">1</subfield><subfield code="a">23609335820006421</subfield><subfield code="3">no.73-78 2002</subfield><subfield code="d">2002-12-12 19:00:00 US/Eastern</subfield><subfield code="q">2002-12-13 05:59:00 US/Eastern</subfield><subfield code="y">recap</subfield></datafield><datafield tag="876" ind1=" " ind2=" "><subfield code="0">22609336460006421</subfield><subfield code="j">1</subfield><subfield code="z">cjk</subfield><subfield code="p">32101115425751</subfield><subfield code="a">231025237450006421</subfield><subfield code="3">2024 no. 1-4 </subfield><subfield code="d">2024-08-13 14:29:03 US/Eastern</subfield><subfield code="q">2024-09-10 14:11:27 US/Eastern</subfield><subfield code="y">eastasian</subfield></datafield><datafield tag="876" ind1=" " ind2=" "><subfield code="0">22609336090006421</subfield><subfield code="j">1</subfield><subfield code="z">pa</subfield><subfield code="p">32101072390014</subfield><subfield code="t">1</subfield><subfield code="a">23609335620006421</subfield><subfield code="3">no.137-140 2007</subfield><subfield code="d">2009-06-15 20:00:00 US/Eastern</subfield><subfield code="q">2009-06-16 06:59:00 US/Eastern</subfield><subfield code="y">recap</subfield></datafield><datafield tag="876" ind1=" " ind2=" "><subfield code="0">22609336460006421</subfield><subfield code="j">1</subfield><subfield code="z">cjk</subfield><subfield code="p">32101110381447</subfield><subfield code="a">23919514450006421</subfield><subfield code="3">2021 no. 1-4 </subfield><subfield code="d">2022-03-15 14:55:55 US/Eastern</subfield><subfield code="q">2022-03-15 14:08:43 US/Eastern</subfield><subfield code="y">eastasian</subfield></datafield><datafield tag="876" ind1=" " ind2=" "><subfield code="0">22609336090006421</subfield><subfield code="j">1</subfield><subfield code="z">pa</subfield><subfield code="p">32101093191714</subfield><subfield code="t">1</subfield><subfield code="a">23609335440006421</subfield><subfield code="3">no.193-195 2012</subfield><subfield code="d">2013-10-08 20:00:00 US/Eastern</subfield><subfield code="q">2013-10-09 06:59:00 US/Eastern</subfield><subfield code="y">recap</subfield></datafield><datafield tag="876" ind1=" " ind2=" "><subfield code="0">22609336090006421</subfield><subfield code="j">1</subfield><subfield code="z">pa</subfield><subfield code="p">32101063679565</subfield><subfield code="t">1</subfield><subfield code="a">23609335460006421</subfield><subfield code="3">no.129-132 2006</subfield><subfield code="d">2008-03-25 20:00:00 US/Eastern</subfield><subfield code="q">2008-03-26 06:59:00 US/Eastern</subfield><subfield code="y">recap</subfield></datafield><datafield tag="876" ind1=" " ind2=" "><subfield code="0">22609336090006421</subfield><subfield code="j">1</subfield><subfield code="z">pa</subfield><subfield code="p">32101082788199</subfield><subfield code="t">1</subfield><subfield code="a">23609335710006421</subfield><subfield code="3">no.173-176 2010</subfield><subfield code="d">2011-06-06 20:00:00 US/Eastern</subfield><subfield code="q">2011-06-07 06:59:00 US/Eastern</subfield><subfield code="y">recap</subfield></datafield><datafield tag="876" ind1=" " ind2=" "><subfield code="0">22609336090006421</subfield><subfield code="j">1</subfield><subfield code="z">pa</subfield><subfield code="p">32101072390030</subfield><subfield code="t">1</subfield><subfield code="a">23609335600006421</subfield><subfield code="3">no.145-148 2008</subfield><subfield code="d">2009-06-15 20:00:00 US/Eastern</subfield><subfield code="q">2009-06-16 06:59:00 US/Eastern</subfield><subfield code="y">recap</subfield></datafield><datafield tag="876" ind1=" " ind2=" "><subfield code="0">22609336090006421</subfield><subfield code="j">1</subfield><subfield code="z">pa</subfield><subfield code="p">32101081136531</subfield><subfield code="t">1</subfield><subfield code="a">23609335640006421</subfield><subfield code="3">no.61-66 2001</subfield><subfield code="d">2002-01-16 19:00:00 US/Eastern</subfield><subfield code="q">2002-01-17 05:59:00 US/Eastern</subfield><subfield code="y">recap</subfield></datafield><datafield tag="876" ind1=" " ind2=" "><subfield code="0">22609336090006421</subfield><subfield code="j">1</subfield><subfield code="z">pa</subfield><subfield code="p">32101072389990</subfield><subfield code="t">1</subfield><subfield code="a">23609335570006421</subfield><subfield code="3">no.149-152 2008</subfield><subfield code="d">2009-06-15 20:00:00 US/Eastern</subfield><subfield code="q">2009-06-16 06:59:00 US/Eastern</subfield><subfield code="y">recap</subfield></datafield><datafield tag="876" ind1=" " ind2=" "><subfield code="0">22609336460006421</subfield><subfield code="j">1</subfield><subfield code="z">cjk</subfield><subfield code="p">32101114066051</subfield><subfield code="a">231100160990006421</subfield><subfield code="3">2024 no. 9-12 </subfield><subfield code="d">2026-01-13 13:46:30 US/Eastern</subfield><subfield code="q">2026-01-13 13:46:48 US/Eastern</subfield><subfield code="y">eastasian</subfield></datafield><datafield tag="876" ind1=" " ind2=" "><subfield code="0">22609336090006421</subfield><subfield code="j">1</subfield><subfield code="z">pa</subfield><subfield code="p">32101093191730</subfield><subfield code="t">1</subfield><subfield code="a">23609335420006421</subfield><subfield code="3">no.199-201 2012</subfield><subfield code="d">2013-10-08 20:00:00 US/Eastern</subfield><subfield code="q">2013-10-09 06:59:00 US/Eastern</subfield><subfield code="y">recap</subfield></datafield><datafield tag="876" ind1=" " ind2=" "><subfield code="0">22609336090006421</subfield><subfield code="j">1</subfield><subfield code="z">pa</subfield><subfield code="p">32101050113065</subfield><subfield code="t">1</subfield><subfield code="a">23609335660006421</subfield><subfield code="3">no.49-54 2000</subfield><subfield code="d">2002-01-16 19:00:00 US/Eastern</subfield><subfield code="q">2002-01-17 05:59:00 US/Eastern</subfield><subfield code="y">recap</subfield></datafield><datafield tag="876" ind1=" " ind2=" "><subfield code="0">22609336460006421</subfield><subfield code="j">1</subfield><subfield code="z">cjk</subfield><subfield code="p">32101110381454</subfield><subfield code="a">23919514470006421</subfield><subfield code="3">2020 no. 9-12 </subfield><subfield code="d">2022-03-15 14:53:56 US/Eastern</subfield><subfield code="q">2022-03-15 14:08:32 US/Eastern</subfield><subfield code="y">eastasian</subfield></datafield><datafield tag="876" ind1=" " ind2=" "><subfield code="0">22609336090006421</subfield><subfield code="j">1</subfield><subfield code="z">pa</subfield><subfield code="p">32101059145712</subfield><subfield code="t">1</subfield><subfield code="a">23609335480006421</subfield><subfield code="3">no.117-120 2005</subfield><subfield code="d">2006-03-08 19:00:00 US/Eastern</subfield><subfield code="q">2006-03-09 05:59:00 US/Eastern</subfield><subfield code="y">recap</subfield></datafield><datafield tag="876" ind1=" " ind2=" "><subfield code="0">22609336460006421</subfield><subfield code="j">1</subfield><subfield code="z">cjk</subfield><subfield code="p">32101115484535</subfield><subfield code="a">231007322490006421</subfield><subfield code="3">2023 no. 5-8 </subfield><subfield code="d">2024-02-08 13:17:45 US/Eastern</subfield><subfield code="q">2024-03-07 14:53:29 US/Eastern</subfield><subfield code="y">eastasian</subfield></datafield><datafield tag="876" ind1=" " ind2=" "><subfield code="0">22609336460006421</subfield><subfield code="j">1</subfield><subfield code="z">cjk</subfield><subfield code="p">32101110381470</subfield><subfield code="a">23919514520006421</subfield><subfield code="3">2020 no. 1-4 </subfield><subfield code="d">2022-03-15 14:52:04 US/Eastern</subfield><subfield code="q">2022-03-15 14:08:12 US/Eastern</subfield><subfield code="y">eastasian</subfield></datafield><datafield tag="876" ind1=" " ind2=" "><subfield code="0">22609336090006421</subfield><subfield code="j">1</subfield><subfield code="z">pa</subfield><subfield code="p">32101056652553</subfield><subfield code="t">1</subfield><subfield code="a">23609335510006421</subfield><subfield code="3">no.97-100 2004</subfield><subfield code="d">2005-02-09 19:00:00 US/Eastern</subfield><subfield code="q">2005-02-10 05:59:00 US/Eastern</subfield><subfield code="y">recap</subfield></datafield><datafield tag="876" ind1=" " ind2=" "><subfield code="0">22609336090006421</subfield><subfield code="j">1</subfield><subfield code="z">pa</subfield><subfield code="p">32101050176237</subfield><subfield code="t">1</subfield><subfield code="a">23609335530006421</subfield><subfield code="3">no.91-93 2003</subfield><subfield code="d">2004-04-12 20:00:00 US/Eastern</subfield><subfield code="q">2004-04-13 06:59:00 US/Eastern</subfield><subfield code="y">recap</subfield></datafield><datafield tag="876" ind1=" " ind2=" "><subfield code="0">22609336090006421</subfield><subfield code="j">1</subfield><subfield code="z">pa</subfield><subfield code="p">32101080397720</subfield><subfield code="t">1</subfield><subfield code="a">23609336280006421</subfield><subfield code="3">no.220-222 2014</subfield><subfield code="d">2015-01-29 19:00:00 US/Eastern</subfield><subfield code="q">2015-01-30 14:41:48 US/Eastern</subfield><subfield code="y">recap</subfield></datafield><datafield tag="876" ind1=" " ind2=" "><subfield code="0">22609336460006421</subfield><subfield code="j">1</subfield><subfield code="z">cjk</subfield><subfield code="p">32101117978732</subfield><subfield code="a">23972190940006421</subfield><subfield code="3">2021 no. 5-8 </subfield><subfield code="d">2023-05-11 13:32:48 US/Eastern</subfield><subfield code="q">2023-05-11 13:37:28 US/Eastern</subfield><subfield code="y">eastasian</subfield></datafield><datafield tag="876" ind1=" " ind2=" "><subfield code="0">22609336460006421</subfield><subfield code="j">1</subfield><subfield code="z">cjk</subfield><subfield code="p">32101117978724</subfield><subfield code="a">23972190930006421</subfield><subfield code="3">2021 no. 9-12 </subfield><subfield code="d">2023-05-11 13:34:53 US/Eastern</subfield><subfield code="q">2023-05-11 13:37:47 US/Eastern</subfield><subfield code="y">eastasian</subfield></datafield><datafield tag="876" ind1=" " ind2=" "><subfield code="0">22609336460006421</subfield><subfield code="j">1</subfield><subfield code="z">cjk</subfield><subfield code="p">32101117978740</subfield><subfield code="a">23972190920006421</subfield><subfield code="3">2022 no. 1-4 </subfield><subfield code="d">2023-05-11 13:36:20 US/Eastern</subfield><subfield code="q">2023-05-11 13:36:47 US/Eastern</subfield><subfield code="y">eastasian</subfield></datafield><datafield tag="876" ind1=" " ind2=" "><subfield code="0">22609336090006421</subfield><subfield code="j">1</subfield><subfield code="z">pa</subfield><subfield code="p">32101095219356</subfield><subfield code="t">1</subfield><subfield code="a">23609336250006421</subfield><subfield code="3">no.241-244 2016</subfield><subfield code="d">2017-02-02 19:00:00 US/Eastern</subfield><subfield code="q">2017-02-03 13:59:59 US/Eastern</subfield><subfield code="y">recap</subfield></datafield><datafield tag="876" ind1=" " ind2=" "><subfield code="0">22609336090006421</subfield><subfield code="j">1</subfield><subfield code="z">pa</subfield><subfield code="p">32101095216485</subfield><subfield code="t">1</subfield><subfield code="a">23609336260006421</subfield><subfield code="3">no.238-240 2015</subfield><subfield code="d">2017-01-09 19:00:00 US/Eastern</subfield><subfield code="q">2017-01-10 16:58:45 US/Eastern</subfield><subfield code="y">recap</subfield></datafield><datafield tag="876" ind1=" " ind2=" "><subfield code="0">22609336090006421</subfield><subfield code="j">1</subfield><subfield code="z">pa</subfield><subfield code="p">32101109567006</subfield><subfield code="t">1</subfield><subfield code="a">23609336200006421</subfield><subfield code="3">no.281-284 2019</subfield><subfield code="d">2020-02-17 19:00:00 US/Eastern</subfield><subfield code="q">2020-02-18 14:02:15 US/Eastern</subfield><subfield code="y">recap</subfield></datafield><datafield tag="876" ind1=" " ind2=" "><subfield code="0">22609336090006421</subfield><subfield code="j">1</subfield><subfield code="z">pa</subfield><subfield code="p">32101109567014</subfield><subfield code="t">1</subfield><subfield code="a">23609336210006421</subfield><subfield code="3">no.277-280 2019</subfield><subfield code="d">2020-02-17 19:00:00 US/Eastern</subfield><subfield code="q">2020-02-18 14:02:09 US/Eastern</subfield><subfield code="y">recap</subfield></datafield><datafield tag="876" ind1=" " ind2=" "><subfield code="0">22609336090006421</subfield><subfield code="j">1</subfield><subfield code="z">pa</subfield><subfield code="p">32101109567022</subfield><subfield code="t">1</subfield><subfield code="a">23609336220006421</subfield><subfield code="3">no.273-276 2018</subfield><subfield code="d">2020-02-17 19:00:00 US/Eastern</subfield><subfield code="q">2020-02-18 15:53:38 US/Eastern</subfield><subfield code="y">recap</subfield></datafield><datafield tag="876" ind1=" " ind2=" "><subfield code="0">22609336090006421</subfield><subfield code="j">1</subfield><subfield code="z">pa</subfield><subfield code="p">32101109567030</subfield><subfield code="t">1</subfield><subfield code="a">23609336230006421</subfield><subfield code="3">no.269-272 2018</subfield><subfield code="d">2020-02-17 19:00:00 US/Eastern</subfield><subfield code="q">2020-02-18 14:01:40 US/Eastern</subfield><subfield code="y">recap</subfield></datafield><datafield tag="876" ind1=" " ind2=" "><subfield code="0">22609336090006421</subfield><subfield code="j">1</subfield><subfield code="z">pa</subfield><subfield code="p">32101095219398</subfield><subfield code="t">1</subfield><subfield code="a">23609336240006421</subfield><subfield code="3">no.245-248 2016</subfield><subfield code="d">2017-02-02 19:00:00 US/Eastern</subfield><subfield code="q">2017-02-03 14:00:06 US/Eastern</subfield><subfield code="y">recap</subfield></datafield><datafield tag="876" ind1=" " ind2=" "><subfield code="0">22609336090006421</subfield><subfield code="j">1</subfield><subfield code="z">pa</subfield><subfield code="p">32101081423889</subfield><subfield code="t">1</subfield><subfield code="a">23609336270006421</subfield><subfield code="3">no.223-225 2014</subfield><subfield code="d">2015-05-07 20:00:00 US/Eastern</subfield><subfield code="q">2015-05-08 14:41:30 US/Eastern</subfield><subfield code="y">recap</subfield></datafield><datafield tag="876" ind1=" " ind2=" "><subfield code="0">22609336460006421</subfield><subfield code="j">1</subfield><subfield code="z">cjk</subfield><subfield code="p">32101113926248</subfield><subfield code="a">23993678590006421</subfield><subfield code="3">2022 no. 9-12 </subfield><subfield code="d">2023-10-05 12:45:11 US/Eastern</subfield><subfield code="q">2023-10-05 12:45:26 US/Eastern</subfield><subfield code="y">eastasian</subfield></datafield><datafield tag="876" ind1=" " ind2=" "><subfield code="0">22609336090006421</subfield><subfield code="j">1</subfield><subfield code="z">pa</subfield><subfield code="p">32101086338124</subfield><subfield code="t">1</subfield><subfield code="a">23609335690006421</subfield><subfield code="3">no.185-188 2011</subfield><subfield code="d">2012-08-07 20:00:00 US/Eastern</subfield><subfield code="q">2012-08-08 06:59:00 US/Eastern</subfield><subfield code="y">recap</subfield></datafield><datafield tag="876" ind1=" " ind2=" "><subfield code="0">22609336090006421</subfield><subfield code="j">1</subfield><subfield code="z">pa</subfield><subfield code="p">32101050112984</subfield><subfield code="t">1</subfield><subfield code="a">23609335940006421</subfield><subfield code="3">no.13-15 1997</subfield><subfield code="d">2003-06-30 20:00:00 US/Eastern</subfield><subfield code="q">2003-07-01 06:59:00 US/Eastern</subfield><subfield code="y">recap</subfield></datafield><datafield tag="876" ind1=" " ind2=" "><subfield code="0">22609336090006421</subfield><subfield code="j">1</subfield><subfield code="z">pa</subfield><subfield code="p">32101050113016</subfield><subfield code="t">1</subfield><subfield code="a">23609336000006421</subfield><subfield code="3">no.25-26 1998</subfield><subfield code="d">2001-02-14 19:00:00 US/Eastern</subfield><subfield code="q">2001-02-15 05:59:00 US/Eastern</subfield><subfield code="y">recap</subfield></datafield><datafield tag="876" ind1=" " ind2=" "><subfield code="0">22609336090006421</subfield><subfield code="j">1</subfield><subfield code="z">pa</subfield><subfield code="p">32101050114493</subfield><subfield code="t">1</subfield><subfield code="a">23609335780006421</subfield><subfield code="3">no.85-90 2003</subfield><subfield code="d">2003-11-12 19:00:00 US/Eastern</subfield><subfield code="q">2003-11-13 05:59:00 US/Eastern</subfield><subfield code="y">recap</subfield></datafield><datafield tag="876" ind1=" " ind2=" "><subfield code="0">22609336090006421</subfield><subfield code="j">1</subfield><subfield code="z">pa</subfield><subfield code="p">32101056743014</subfield><subfield code="t">1</subfield><subfield code="a">23609335760006421</subfield><subfield code="3">no.105-108 2004</subfield><subfield code="d">2005-07-18 20:00:00 US/Eastern</subfield><subfield code="q">2005-07-19 06:59:00 US/Eastern</subfield><subfield code="y">recap</subfield></datafield><datafield tag="876" ind1=" " ind2=" "><subfield code="0">22609336090006421</subfield><subfield code="j">1</subfield><subfield code="z">pa</subfield><subfield code="p">32101093524963</subfield><subfield code="t">1</subfield><subfield code="a">23609335670006421</subfield><subfield code="3">no.205-207 2013</subfield><subfield code="d">2014-01-09 19:00:00 US/Eastern</subfield><subfield code="q">2014-01-10 05:59:00 US/Eastern</subfield><subfield code="y">recap</subfield></datafield><datafield tag="876" ind1=" " ind2=" "><subfield code="0">22609336090006421</subfield><subfield code="j">1</subfield><subfield code="z">pa</subfield><subfield code="p">32101048736613</subfield><subfield code="t">1</subfield><subfield code="a">23609335920006421</subfield><subfield code="3">no.27 1998</subfield><subfield code="d">2003-06-30 20:00:00 US/Eastern</subfield><subfield code="q">2003-07-01 06:59:00 US/Eastern</subfield><subfield code="y">recap</subfield></datafield><datafield tag="876" ind1=" " ind2=" "><subfield code="0">22609336090006421</subfield><subfield code="j">1</subfield><subfield code="z">pa</subfield><subfield code="p">32101050113057</subfield><subfield code="t">1</subfield><subfield code="a">23609335960006421</subfield><subfield code="3">no.43-48 1999</subfield><subfield code="d">2001-02-14 19:00:00 US/Eastern</subfield><subfield code="q">2001-02-15 05:59:00 US/Eastern</subfield><subfield code="y">recap</subfield></datafield><datafield tag="876" ind1=" " ind2=" "><subfield code="0">22609336090006421</subfield><subfield code="j">1</subfield><subfield code="z">pa</subfield><subfield code="p">32101076573235</subfield><subfield code="t">1</subfield><subfield code="a">23609335740006421</subfield><subfield code="3">no.157-160 2009</subfield><subfield code="d">2010-05-03 20:00:00 US/Eastern</subfield><subfield code="q">2010-05-04 06:59:00 US/Eastern</subfield><subfield code="y">recap</subfield></datafield><datafield tag="876" ind1=" " ind2=" "><subfield code="0">22609336090006421</subfield><subfield code="j">1</subfield><subfield code="z">pa</subfield><subfield code="p">32101050113032</subfield><subfield code="t">1</subfield><subfield code="a">23609335980006421</subfield><subfield code="3">no.32-36 1998</subfield><subfield code="d">2001-02-14 19:00:00 US/Eastern</subfield><subfield code="q">2001-02-15 05:59:00 US/Eastern</subfield><subfield code="y">recap</subfield></datafield><datafield tag="876" ind1=" " ind2=" "><subfield code="0">22609336090006421</subfield><subfield code="j">1</subfield><subfield code="z">pa</subfield><subfield code="p">32101097830895</subfield><subfield code="t">1</subfield><subfield code="a">23609336110006421</subfield><subfield code="3">no.265-268 2018</subfield><subfield code="d">2018-09-17 20:00:00 US/Eastern</subfield><subfield code="q">2018-09-18 14:01:19 US/Eastern</subfield><subfield code="y">recap</subfield></datafield><datafield tag="876" ind1=" " ind2=" "><subfield code="0">22609336090006421</subfield><subfield code="j">1</subfield><subfield code="z">pa</subfield><subfield code="p">32101082780196</subfield><subfield code="t">1</subfield><subfield code="a">23609335900006421</subfield><subfield code="3">no.177-180 2010</subfield><subfield code="d">2011-05-09 20:00:00 US/Eastern</subfield><subfield code="q">2011-05-10 06:59:00 US/Eastern</subfield><subfield code="y">recap</subfield></datafield><datafield tag="876" ind1=" " ind2=" "><subfield code="0">22609336090006421</subfield><subfield code="j">1</subfield><subfield code="z">pa</subfield><subfield code="p">32101097830911</subfield><subfield code="t">1</subfield><subfield code="a">23609336130006421</subfield><subfield code="3">no.257-260 2017</subfield><subfield code="d">2018-09-17 20:00:00 US/Eastern</subfield><subfield code="q">2018-09-18 14:00:57 US/Eastern</subfield><subfield code="y">recap</subfield></datafield><datafield tag="876" ind1=" " ind2=" "><subfield code="0">22609336090006421</subfield><subfield code="j">1</subfield><subfield code="z">pa</subfield><subfield code="p">32101086655212</subfield><subfield code="t">1</subfield><subfield code="a">23609335850006421</subfield><subfield code="3">no.211-213 2013</subfield><subfield code="d">2014-03-05 19:00:00 US/Eastern</subfield><subfield code="q">2014-03-06 05:59:00 US/Eastern</subfield><subfield code="y">recap</subfield></datafield><datafield tag="876" ind1=" " ind2=" "><subfield code="0">22609336090006421</subfield><subfield code="j">1</subfield><subfield code="z">pa</subfield><subfield code="p">32101093522991</subfield><subfield code="t">1</subfield><subfield code="a">23609335890006421</subfield><subfield code="3">no.202-204 2012</subfield><subfield code="d">2013-12-29 19:00:00 US/Eastern</subfield><subfield code="q">2013-12-30 05:59:00 US/Eastern</subfield><subfield code="y">recap</subfield></datafield><datafield tag="876" ind1=" " ind2=" "><subfield code="0">22609336090006421</subfield><subfield code="j">1</subfield><subfield code="z">pa</subfield><subfield code="p">32101066176643</subfield><subfield code="t">1</subfield><subfield code="a">23609335830006421</subfield><subfield code="3">no.214-216 2013</subfield><subfield code="d">2014-12-07 19:00:00 US/Eastern</subfield><subfield code="q">2014-12-08 05:59:00 US/Eastern</subfield><subfield code="y">recap</subfield></datafield><datafield tag="876" ind1=" " ind2=" "><subfield code="0">22609336460006421</subfield><subfield code="j">1</subfield><subfield code="z">cjk</subfield><subfield code="p">32101115423103</subfield><subfield code="a">231019269660006421</subfield><subfield code="3">2023 no. 9-12 </subfield><subfield code="d">2024-05-17 13:39:41 US/Eastern</subfield><subfield code="q">2024-07-26 11:57:25 US/Eastern</subfield><subfield code="y">eastasian</subfield></datafield><datafield tag="876" ind1=" " ind2=" "><subfield code="0">22609336090006421</subfield><subfield code="j">1</subfield><subfield code="z">pa</subfield><subfield code="p">32101075960110</subfield><subfield code="t">1</subfield><subfield code="a">23609335450006421</subfield><subfield code="3">no.161-164 2009</subfield><subfield code="d">2010-07-01 20:00:00 US/Eastern</subfield><subfield code="q">2010-07-02 06:59:00 US/Eastern</subfield><subfield code="y">recap</subfield></datafield><datafield tag="876" ind1=" " ind2=" "><subfield code="0">22609336090006421</subfield><subfield code="j">1</subfield><subfield code="z">pa</subfield><subfield code="p">32101086338116</subfield><subfield code="t">1</subfield><subfield code="a">23609335700006421</subfield><subfield code="3">no.181-184 2011</subfield><subfield code="d">2012-08-07 20:00:00 US/Eastern</subfield><subfield code="q">2012-08-08 06:59:00 US/Eastern</subfield><subfield code="y">recap</subfield></datafield><datafield tag="876" ind1=" " ind2=" "><subfield code="0">22609336090006421</subfield><subfield code="j">1</subfield><subfield code="z">pa</subfield><subfield code="p">32101050112976</subfield><subfield code="t">1</subfield><subfield code="a">23609336060006421</subfield><subfield code="3">no.8-12 1996</subfield><subfield code="d">2001-02-14 19:00:00 US/Eastern</subfield><subfield code="q">2001-02-15 05:59:00 US/Eastern</subfield><subfield code="y">recap</subfield></datafield><datafield tag="876" ind1=" " ind2=" "><subfield code="0">22609336090006421</subfield><subfield code="j">1</subfield><subfield code="z">pa</subfield><subfield code="p">32101072390022</subfield><subfield code="t">1</subfield><subfield code="a">23609335610006421</subfield><subfield code="3">no.141-144 2007</subfield><subfield code="d">2009-06-15 20:00:00 US/Eastern</subfield><subfield code="q">2009-06-16 06:59:00 US/Eastern</subfield><subfield code="y">recap</subfield></datafield><datafield tag="876" ind1=" " ind2=" "><subfield code="0">22609336090006421</subfield><subfield code="j">1</subfield><subfield code="z">pa</subfield><subfield code="p">32101093191722</subfield><subfield code="t">1</subfield><subfield code="a">23609335430006421</subfield><subfield code="3">no.196-198 2012</subfield><subfield code="d">2013-10-08 20:00:00 US/Eastern</subfield><subfield code="q">2013-10-09 06:59:00 US/Eastern</subfield><subfield code="y">recap</subfield></datafield><datafield tag="876" ind1=" " ind2=" "><subfield code="0">22609336090006421</subfield><subfield code="j">1</subfield><subfield code="z">pa</subfield><subfield code="p">32101060516257</subfield><subfield code="t">1</subfield><subfield code="a">23609335470006421</subfield><subfield code="3">no.121-124 2006</subfield><subfield code="d">2007-03-14 20:00:00 US/Eastern</subfield><subfield code="q">2007-03-15 06:59:00 US/Eastern</subfield><subfield code="y">recap</subfield></datafield><datafield tag="876" ind1=" " ind2=" "><subfield code="0">22609336090006421</subfield><subfield code="j">1</subfield><subfield code="z">pa</subfield><subfield code="p">32101082788181</subfield><subfield code="t">1</subfield><subfield code="a">23609335720006421</subfield><subfield code="3">no.169-172 2010</subfield><subfield code="d">2011-06-06 20:00:00 US/Eastern</subfield><subfield code="q">2011-06-07 06:59:00 US/Eastern</subfield><subfield code="y">recap</subfield></datafield><datafield tag="876" ind1=" " ind2=" "><subfield code="0">22609336090006421</subfield><subfield code="j">1</subfield><subfield code="z">pa</subfield><subfield code="p">32101072390006</subfield><subfield code="t">1</subfield><subfield code="a">23609335630006421</subfield><subfield code="3">no.133-136 2007</subfield><subfield code="d">2009-06-15 20:00:00 US/Eastern</subfield><subfield code="q">2009-06-16 06:59:00 US/Eastern</subfield><subfield code="y">recap</subfield></datafield><datafield tag="876" ind1=" " ind2=" "><subfield code="0">22609336460006421</subfield><subfield code="j">1</subfield><subfield code="z">cjk</subfield><subfield code="a">231100750820006421</subfield><subfield code="3">2025, no. 4-7  </subfield><subfield code="d">2026-01-16 13:04:26 US/Eastern</subfield><subfield code="q">2026-01-16 13:04:26 US/Eastern</subfield><subfield code="y">eastasian</subfield></datafield><datafield tag="876" ind1=" " ind2=" "><subfield code="0">22609336090006421</subfield><subfield code="j">1</subfield><subfield code="z">pa</subfield><subfield code="p">32101050113073</subfield><subfield code="t">1</subfield><subfield code="a">23609335650006421</subfield><subfield code="3">no.55-60 2000</subfield><subfield code="d">2002-01-16 19:00:00 US/Eastern</subfield><subfield code="q">2002-01-17 05:59:00 US/Eastern</subfield><subfield code="y">recap</subfield></datafield><datafield tag="876" ind1=" " ind2=" "><subfield code="0">22609336090006421</subfield><subfield code="j">1</subfield><subfield code="z">pa</subfield><subfield code="p">32101059145704</subfield><subfield code="t">1</subfield><subfield code="a">23609335490006421</subfield><subfield code="3">no.113-116 2005</subfield><subfield code="d">2006-03-08 19:00:00 US/Eastern</subfield><subfield code="q">2006-03-09 05:59:00 US/Eastern</subfield><subfield code="y">recap</subfield></datafield><datafield tag="876" ind1=" " ind2=" "><subfield code="0">22609336460006421</subfield><subfield code="j">1</subfield><subfield code="z">cjk</subfield><subfield code="p">32101110381462</subfield><subfield code="a">23919514510006421</subfield><subfield code="3">2020 no. 5-8 </subfield><subfield code="d">2022-03-15 14:53:04 US/Eastern</subfield><subfield code="q">2022-03-15 14:08:22 US/Eastern</subfield><subfield code="y">eastasian</subfield></datafield><datafield tag="876" ind1=" " ind2=" "><subfield code="0">22609336090006421</subfield><subfield code="j">1</subfield><subfield code="z">pa</subfield><subfield code="p">32101072390048</subfield><subfield code="t">1</subfield><subfield code="a">23609335560006421</subfield><subfield code="3">no.153-156 2008</subfield><subfield code="d">2009-06-15 20:00:00 US/Eastern</subfield><subfield code="q">2009-06-16 06:59:00 US/Eastern</subfield><subfield code="y">recap</subfield></datafield><datafield tag="876" ind1=" " ind2=" "><subfield code="0">22609336090006421</subfield><subfield code="j">1</subfield><subfield code="z">pa</subfield><subfield code="p">32101056654757</subfield><subfield code="t">1</subfield><subfield code="a">23609335500006421</subfield><subfield code="3">no.101-104 2004</subfield><subfield code="d">2005-03-03 19:00:00 US/Eastern</subfield><subfield code="q">2005-03-04 05:59:00 US/Eastern</subfield><subfield code="y">recap</subfield></datafield><datafield tag="876" ind1=" " ind2=" "><subfield code="0">22609336090006421</subfield><subfield code="j">1</subfield><subfield code="z">pa</subfield><subfield code="p">32101050176245</subfield><subfield code="t">1</subfield><subfield code="a">23609335520006421</subfield><subfield code="3">no.94-96 2003</subfield><subfield code="d">2004-04-12 20:00:00 US/Eastern</subfield><subfield code="q">2004-04-13 06:59:00 US/Eastern</subfield><subfield code="y">recap</subfield></datafield><datafield tag="876" ind1=" " ind2=" "><subfield code="0">22609336090006421</subfield><subfield code="j">1</subfield><subfield code="z">pa</subfield><subfield code="p">32101043666278</subfield><subfield code="t">1</subfield><subfield code="a">23609335540006421</subfield><subfield code="3">no.67-72 2001</subfield><subfield code="d">2002-07-21 20:00:00 US/Eastern</subfield><subfield code="q">2002-07-22 06:59:00 US/Eastern</subfield><subfield code="y">recap</subfield></datafield><datafield tag="876" ind1=" " ind2=" "><subfield code="0">22609336090006421</subfield><subfield code="j">1</subfield><subfield code="z">pa</subfield><subfield code="p">32101110381488</subfield><subfield code="a">23919514530006421</subfield><subfield code="3">no. 285-288 (2019)</subfield><subfield code="d">2022-03-15 14:50:25 US/Eastern</subfield><subfield code="q">2022-03-15 16:01:07 US/Eastern</subfield><subfield code="y">recap</subfield></datafield><datafield tag="876" ind1=" " ind2=" "><subfield code="0">22609336460006421</subfield><subfield code="j">1</subfield><subfield code="z">cjk</subfield><subfield code="p">32101115481960</subfield><subfield code="a">231002398910006421</subfield><subfield code="3">2023 no. 1-4 </subfield><subfield code="d">2023-11-29 13:23:50 US/Eastern</subfield><subfield code="q">2024-02-08 13:16:53 US/Eastern</subfield><subfield code="y">eastasian</subfield></datafield></record>