<record><leader>02319cas a2200565 i 4500</leader><controlfield tag="005">20250129151423.0</controlfield><controlfield tag="008">190709c20199999txuqr p       0   e0chi  </controlfield><controlfield tag="001">99129141958806421</controlfield><datafield tag="010" ind1=" " ind2=" "><subfield code="a">  2019200528</subfield></datafield><datafield tag="012" ind1=" " ind2=" "><subfield code="l">1</subfield></datafield><datafield tag="022" ind1="0" ind2=" "><subfield code="a">2687-9964</subfield><subfield code="2">1</subfield></datafield><datafield tag="035" ind1=" " ind2=" "><subfield code="a">(OCoLC)on1107700662</subfield></datafield><datafield tag="037" ind1=" " ind2=" "><subfield code="b">9600 S IH-35, C600, Austin, TX 78748</subfield></datafield><datafield tag="040" ind1=" " ind2=" "><subfield code="a">DLC</subfield><subfield code="b">eng</subfield><subfield code="e">rda</subfield><subfield code="c">DLC</subfield><subfield code="d">DLC</subfield><subfield code="d">STF</subfield><subfield code="d">OCLCO</subfield><subfield code="d">DLC</subfield><subfield code="d">OCLCF</subfield><subfield code="d">DLC</subfield><subfield code="d">OCLCO</subfield><subfield code="d">DLC</subfield></datafield><datafield tag="042" ind1=" " ind2=" "><subfield code="a">pcc</subfield><subfield code="a">nsdp</subfield></datafield><datafield tag="050" ind1="0" ind2="0"><subfield code="a">DS778.7</subfield><subfield code="b">.J529</subfield></datafield><datafield tag="082" ind1="1" ind2="0"><subfield code="a">128.3</subfield><subfield code="2">23</subfield></datafield><datafield tag="130" ind1="0" ind2=" "><subfield code="6">880-01</subfield><subfield code="a">Ji yi (Austin, Tex.)</subfield></datafield><datafield tag="880" ind1="0" ind2=" "><subfield code="6">130-01</subfield><subfield code="a">记忆 (Austin, Tex.)</subfield></datafield><datafield tag="222" ind1=" " ind2="0"><subfield code="a">Ji yi</subfield><subfield code="b">(Print)</subfield></datafield><datafield tag="245" ind1="1" ind2="0"><subfield code="6">880-02</subfield><subfield code="a">Ji yi = Remembrance.</subfield></datafield><datafield tag="880" ind1="1" ind2="0"><subfield code="6">245-02</subfield><subfield code="a">记忆 = Remembrance.</subfield></datafield><datafield tag="246" ind1="1" ind2="1"><subfield code="a">Rememberance</subfield></datafield><datafield tag="246" ind1="1" ind2="3"><subfield code="6">880-03</subfield><subfield code="a">Ji yi ji kan</subfield></datafield><datafield tag="880" ind1="1" ind2="3"><subfield code="6">246-03</subfield><subfield code="a">记忆季刊</subfield></datafield><datafield tag="264" ind1=" " ind2="1"><subfield code="6">880-04</subfield><subfield code="a">Austin, TX :</subfield><subfield code="b">Meiguo Hua yi chu ban she,</subfield><subfield code="c">2019-</subfield></datafield><datafield tag="880" ind1=" " ind2="1"><subfield code="6">264-04</subfield><subfield code="a">Austin, TX  :</subfield><subfield code="b">美囯华忆出版社,</subfield><subfield code="c">2019-</subfield></datafield><datafield tag="300" ind1=" " ind2=" "><subfield code="a">volumes ;</subfield><subfield code="c">28 cm</subfield></datafield><datafield tag="310" ind1=" " ind2=" "><subfield code="a">Quarterly,</subfield><subfield code="b">2019-</subfield></datafield><datafield tag="336" ind1=" " ind2=" "><subfield code="a">text</subfield><subfield code="b">txt</subfield><subfield code="2">rdacontent</subfield></datafield><datafield tag="337" ind1=" " ind2=" "><subfield code="a">unmediated</subfield><subfield code="b">n</subfield><subfield code="2">rdamedia</subfield></datafield><datafield tag="338" ind1=" " ind2=" "><subfield code="a">volume</subfield><subfield code="b">nc</subfield><subfield code="2">rdacarrier</subfield></datafield><datafield tag="362" ind1="1" ind2=" "><subfield code="6">880-05</subfield><subfield code="a">Began with issue: 2019 nian di 1 juan di 1 qi.</subfield></datafield><datafield tag="880" ind1="1" ind2=" "><subfield code="6">362-05</subfield><subfield code="a">Began with issue:  2019年第1卷第1期.</subfield></datafield><datafield tag="588" ind1=" " ind2=" "><subfield code="a">Description based on: 2019 nian di 1 juan di 1 qi ; title from cover.</subfield></datafield><datafield tag="588" ind1=" " ind2=" "><subfield code="a">Latest issue consulted: 2019 nian di 1 juan di 1 qi.</subfield></datafield><datafield tag="651" ind1=" " ind2="0"><subfield code="a">China</subfield><subfield code="x">History</subfield><subfield code="y">Cultural Revolution, 1966-1976</subfield><subfield code="v">Periodicals.</subfield></datafield><datafield tag="651" ind1=" " ind2="0"><subfield code="a">China</subfield><subfield code="x">Politics and government</subfield><subfield code="v">Periodicals.</subfield></datafield><datafield tag="650" ind1=" " ind2="7"><subfield code="a">Politics and government.</subfield><subfield code="2">fast</subfield><subfield code="0">(OCoLC)fst01919741</subfield></datafield><datafield tag="651" ind1=" " ind2="7"><subfield code="a">China.</subfield><subfield code="2">fast</subfield><subfield code="0">(OCoLC)fst01206073</subfield></datafield><datafield tag="655" ind1=" " ind2="7"><subfield code="a">Periodicals.</subfield><subfield code="2">fast</subfield><subfield code="0">(OCoLC)fst01411641</subfield></datafield><datafield tag="710" ind1="2" ind2=" "><subfield code="6">880-06</subfield><subfield code="a">Meiguo Hua yi chu ban she.</subfield></datafield><datafield tag="880" ind1="2" ind2=" "><subfield code="6">710-06</subfield><subfield code="a">美囯记华忆出版社.</subfield></datafield><datafield tag="776" ind1="0" ind2="8"><subfield code="i">Online version:</subfield><subfield code="t">Ji yi</subfield><subfield code="x">2687-9972</subfield><subfield code="w">(DLC)  2019200529</subfield><subfield code="w">(OCoLC)1107700722</subfield></datafield><datafield tag="880" ind1=" " ind2="0"><subfield code="6">222-00</subfield><subfield code="a">记忆</subfield><subfield code="b">(Print)</subfield></datafield><datafield tag="850" ind1=" " ind2=" "><subfield code="a">DLC</subfield></datafield><datafield tag="902" ind1=" " ind2=" "><subfield code="a">961176782</subfield><subfield code="w">copy</subfield><subfield code="1">20240222035627.0</subfield></datafield><datafield tag="914" ind1=" " ind2=" "><subfield code="a">(OCoLC)on1107700662</subfield><subfield code="b">OCoLC</subfield><subfield code="c">match</subfield><subfield code="d">20240221</subfield><subfield code="e">processed</subfield><subfield code="f">1107700662</subfield></datafield><datafield tag="948" ind1=" " ind2=" "><subfield code="h">NO HOLDINGS IN PUL - 5 OTHER HOLDINGS</subfield></datafield><datafield tag="994" ind1=" " ind2=" "><subfield code="a">Z0</subfield><subfield code="b">PUL</subfield></datafield><datafield tag="950" ind1=" " ind2=" "><subfield code="c">2026-02-27 04:20:25 US/Eastern</subfield><subfield code="b">2023-12-07 11:42:20 US/Eastern</subfield><subfield code="a">false</subfield></datafield><datafield tag="852" ind1="0" ind2=" "><subfield code="b">eastasian</subfield><subfield code="c">cjk</subfield><subfield code="h">DS778.7</subfield><subfield code="i">.J529</subfield><subfield code="8">221002921380006421</subfield></datafield><datafield tag="866" ind1=" " ind2="0"><subfield code="a">Vol. 1 no. 1 (2019)-v. 7 no. 4 (2025)</subfield><subfield code="8">221002921380006421</subfield></datafield><datafield tag="866" ind1=" " ind2="0"><subfield code="z">CURRENT ISSUES IN: East Asian Library (Gest)</subfield><subfield code="8">221002921380006421</subfield></datafield><datafield tag="952" ind1=" " ind2=" "><subfield code="d">2025-12-16 15:00:28</subfield><subfield code="8">221002921380006421</subfield><subfield code="a">2023-12-07 16:54:05</subfield><subfield code="b">East Asian Library</subfield><subfield code="c">cjk: East Asian Library</subfield><subfield code="e">false</subfield></datafield><datafield tag="876" ind1=" " ind2=" "><subfield code="0">221002921380006421</subfield><subfield code="j">1</subfield><subfield code="z">cjk</subfield><subfield code="p">32101115427856</subfield><subfield code="a">231037039050006421</subfield><subfield code="3">vol. 6 (2024)</subfield><subfield code="d">2024-12-06 11:29:01 US/Eastern</subfield><subfield code="q">2024-12-06 11:29:16 US/Eastern</subfield><subfield code="y">eastasian</subfield></datafield><datafield tag="876" ind1=" " ind2=" "><subfield code="0">221002921380006421</subfield><subfield code="j">1</subfield><subfield code="z">cjk</subfield><subfield code="p">32101114064924</subfield><subfield code="a">231096053730006421</subfield><subfield code="3">vol. 7 (2025)</subfield><subfield code="d">2025-12-16 10:00:50 US/Eastern</subfield><subfield code="q">2025-12-16 10:01:42 US/Eastern</subfield><subfield code="y">eastasian</subfield></datafield><datafield tag="876" ind1=" " ind2=" "><subfield code="0">221002921380006421</subfield><subfield code="j">1</subfield><subfield code="z">cjk</subfield><subfield code="p">32101115482372</subfield><subfield code="a">231008139560006421</subfield><subfield code="3">vol. 3 (2021)</subfield><subfield code="d">2024-02-09 13:44:52 US/Eastern</subfield><subfield code="q">2024-02-09 13:45:07 US/Eastern</subfield><subfield code="y">eastasian</subfield></datafield><datafield tag="876" ind1=" " ind2=" "><subfield code="0">221002921380006421</subfield><subfield code="j">1</subfield><subfield code="z">cjk</subfield><subfield code="p">32101115482380</subfield><subfield code="a">231008139570006421</subfield><subfield code="3">vol. 2 (2020)</subfield><subfield code="d">2024-02-09 13:44:14 US/Eastern</subfield><subfield code="q">2024-02-09 13:44:30 US/Eastern</subfield><subfield code="y">eastasian</subfield></datafield><datafield tag="876" ind1=" " ind2=" "><subfield code="0">221002921380006421</subfield><subfield code="j">1</subfield><subfield code="z">cjk</subfield><subfield code="p">32101115482398</subfield><subfield code="a">231008139580006421</subfield><subfield code="3">vol. 1 (2019)</subfield><subfield code="d">2024-02-09 13:42:14 US/Eastern</subfield><subfield code="q">2024-02-09 13:42:13 US/Eastern</subfield><subfield code="y">eastasian</subfield></datafield><datafield tag="876" ind1=" " ind2=" "><subfield code="0">221002921380006421</subfield><subfield code="j">1</subfield><subfield code="z">cjk</subfield><subfield code="p">32101115482364</subfield><subfield code="a">231008139450006421</subfield><subfield code="3">vol. 4 (2022)</subfield><subfield code="d">2024-02-09 13:45:28 US/Eastern</subfield><subfield code="q">2024-02-10 13:45:42 US/Eastern</subfield><subfield code="y">eastasian</subfield></datafield><datafield tag="876" ind1=" " ind2=" "><subfield code="0">221002921380006421</subfield><subfield code="j">1</subfield><subfield code="z">cjk</subfield><subfield code="p">32101115482455</subfield><subfield code="a">231008139440006421</subfield><subfield code="3">vol. 5 (2022)</subfield><subfield code="d">2024-02-09 13:46:04 US/Eastern</subfield><subfield code="q">2024-02-09 13:46:17 US/Eastern</subfield><subfield code="y">eastasian</subfield></datafield></record>