<record><leader>01473cam a2200373 a 4500</leader><controlfield tag="005">20240502083114.0</controlfield><controlfield tag="008">910729s1991    nyu      b    001 0 eng  </controlfield><controlfield tag="001">996607203506421</controlfield><datafield tag="010" ind1=" " ind2=" "><subfield code="a">   90049349  </subfield></datafield><datafield tag="020" ind1=" " ind2=" "><subfield code="a">0231072880</subfield></datafield><datafield tag="020" ind1=" " ind2=" "><subfield code="a">0231072899 (pbk.)</subfield></datafield><datafield tag="035" ind1=" " ind2=" "><subfield code="a">(CStRLIN)NJPG91-B37340</subfield></datafield><datafield tag="035" ind1=" " ind2=" "><subfield code="9">ACZ7006TS</subfield></datafield><datafield tag="035" ind1=" " ind2=" "><subfield code="a">(NjP)660720-princetondb</subfield></datafield><datafield tag="035" ind1=" " ind2=" "><subfield code="z">(NjP)Voyager660720</subfield></datafield><datafield tag="035" ind1=" " ind2=" "><subfield code="a">(OCoLC)ocm22493808</subfield></datafield><datafield tag="040" ind1=" " ind2=" "><subfield code="a">DLC</subfield><subfield code="b">eng</subfield><subfield code="c">DLC</subfield><subfield code="d">DLC</subfield><subfield code="d">PU</subfield><subfield code="d">PPT</subfield></datafield><datafield tag="043" ind1=" " ind2=" "><subfield code="a">n-us---</subfield></datafield><datafield tag="050" ind1="0" ind2="0"><subfield code="a">HQ76.3.U5</subfield><subfield code="b">W48 1991</subfield></datafield><datafield tag="082" ind1="0" ind2="0"><subfield code="a">306.87</subfield><subfield code="2">20</subfield></datafield><datafield tag="100" ind1="1" ind2=" "><subfield code="a">Weston, Kath,</subfield><subfield code="d">1958-</subfield><subfield code="0">http://id.loc.gov/authorities/names/n90694746</subfield></datafield><datafield tag="245" ind1="1" ind2="0"><subfield code="a">Families we choose :</subfield><subfield code="b">lesbians, gays, kinship /</subfield><subfield code="c">Kath Weston.</subfield></datafield><datafield tag="260" ind1=" " ind2=" "><subfield code="a">New York :</subfield><subfield code="b">Columbia University Press,</subfield><subfield code="c">c1991.</subfield></datafield><datafield tag="300" ind1=" " ind2=" "><subfield code="a">xi, 261 p. ;</subfield><subfield code="c">23 cm.</subfield></datafield><datafield tag="440" ind1=" " ind2="0"><subfield code="a">Between men--between women</subfield></datafield><datafield tag="504" ind1=" " ind2=" "><subfield code="a">Includes bibliographical references and index.</subfield></datafield><datafield tag="650" ind1=" " ind2="0"><subfield code="a">Gay couples</subfield><subfield code="z">United States.</subfield><subfield code="0">http://id.loc.gov/authorities/subjects/sh2008117800</subfield></datafield><datafield tag="650" ind1=" " ind2="0"><subfield code="a">Gay parents</subfield><subfield code="z">United States.</subfield><subfield code="0">http://id.loc.gov/authorities/subjects/sh2008117802</subfield></datafield><datafield tag="650" ind1=" " ind2="0"><subfield code="a">Kinship</subfield><subfield code="z">United States.</subfield><subfield code="0">http://id.loc.gov/authorities/subjects/sh2009128069</subfield></datafield><datafield tag="650" ind1=" " ind2="0"><subfield code="a">Gay people</subfield><subfield code="z">United States</subfield><subfield code="x">Family relationships.</subfield></datafield><datafield tag="911" ind1=" " ind2=" "><subfield code="a">19921028</subfield></datafield><datafield tag="912" ind1=" " ind2=" "><subfield code="a">19910729000000.0</subfield></datafield><datafield tag="914" ind1=" " ind2=" "><subfield code="a">(OCoLC)ocm22493808</subfield><subfield code="b">OCoLC</subfield><subfield code="c">match</subfield><subfield code="d">20240501</subfield><subfield code="e">processed</subfield><subfield code="f">22493808</subfield></datafield><datafield tag="998" ind1=" " ind2=" "><subfield code="a">07/29/91</subfield><subfield code="s">9110</subfield><subfield code="n">NjP</subfield><subfield code="w">MDJGAED8053B</subfield><subfield code="d">07/29/91</subfield><subfield code="c">ZG</subfield><subfield code="b">ZG</subfield><subfield code="i">910729</subfield><subfield code="l">NJPG</subfield></datafield><datafield tag="950" ind1=" " ind2=" "><subfield code="c">2024-11-27 04:46:34 US/Eastern</subfield><subfield code="b">2021-07-13 07:48:34 US/Eastern</subfield><subfield code="a">false</subfield></datafield><datafield tag="852" ind1="0" ind2="0"><subfield code="b">firestone</subfield><subfield code="c">stacks</subfield><subfield code="h">HQ76.3.U5</subfield><subfield code="i">W48 1991</subfield><subfield code="8">22733813580006421</subfield></datafield><datafield tag="952" ind1=" " ind2=" "><subfield code="a">2021-07-13 11:48:34</subfield><subfield code="8">22733813580006421</subfield><subfield code="b">Firestone Library</subfield><subfield code="c">stacks: Firestone Library</subfield><subfield code="e">false</subfield></datafield><datafield tag="852" ind1="0" ind2=" "><subfield code="b">firestone</subfield><subfield code="c">gss</subfield><subfield code="h">HQ76.3.U5</subfield><subfield code="i">W48 1991</subfield><subfield code="8">22733813540006421</subfield></datafield><datafield tag="952" ind1=" " ind2=" "><subfield code="a">2021-07-13 11:48:34</subfield><subfield code="8">22733813540006421</subfield><subfield code="b">Firestone Library</subfield><subfield code="c">gss: G&amp;SS Research Coll</subfield><subfield code="e">false</subfield></datafield><datafield tag="852" ind1="0" ind2="0"><subfield code="b">annex</subfield><subfield code="c">reserve</subfield><subfield code="h">HQ76.3.U5</subfield><subfield code="i">W48 1991</subfield><subfield code="8">22733813560006421</subfield></datafield><datafield tag="952" ind1=" " ind2=" "><subfield code="a">2021-07-13 11:48:34</subfield><subfield code="8">22733813560006421</subfield><subfield code="b">Forrestal Annex</subfield><subfield code="c">reserve: Annex Reserve</subfield><subfield code="e">false</subfield></datafield><datafield tag="876" ind1=" " ind2=" "><subfield code="0">22733813560006421</subfield><subfield code="j">1</subfield><subfield code="z">reserve</subfield><subfield code="p">32101031307844</subfield><subfield code="t">50</subfield><subfield code="a">23733813550006421</subfield><subfield code="d">2000-06-12 20:00:00 US/Eastern</subfield><subfield code="q">2000-06-13 06:59:00 US/Eastern</subfield><subfield code="y">annex</subfield></datafield><datafield tag="876" ind1=" " ind2=" "><subfield code="0">22733813580006421</subfield><subfield code="j">0</subfield><subfield code="x">MISSING</subfield><subfield code="z">stacks</subfield><subfield code="p">32101019342821</subfield><subfield code="t">1</subfield><subfield code="a">23733813570006421</subfield><subfield code="d">2000-06-12 20:00:00 US/Eastern</subfield><subfield code="q">2000-06-13 06:59:00 US/Eastern</subfield><subfield code="y">firestone</subfield></datafield><datafield tag="876" ind1=" " ind2=" "><subfield code="0">22733813540006421</subfield><subfield code="j">1</subfield><subfield code="z">gss</subfield><subfield code="p">32101107764944</subfield><subfield code="t">0</subfield><subfield code="a">23733813510006421</subfield><subfield code="d">2019-05-29 20:00:00 US/Eastern</subfield><subfield code="q">2019-05-30 06:59:00 US/Eastern</subfield><subfield code="y">firestone</subfield></datafield></record>