<record><leader>01152cam a22002894a 4500</leader><controlfield tag="005">20240606062934.0</controlfield><controlfield tag="008">090408s2009    enka     b    001 0 eng  </controlfield><controlfield tag="001">9957301303506421</controlfield><datafield tag="010" ind1=" " ind2=" "><subfield code="a">  2008028914</subfield></datafield><datafield tag="020" ind1=" " ind2=" "><subfield code="a">9780415453783 (hardback : alk. paper)</subfield></datafield><datafield tag="020" ind1=" " ind2=" "><subfield code="a">041545378X (hardback : alk. paper)</subfield></datafield><datafield tag="035" ind1=" " ind2=" "><subfield code="a">(UkOxBHB)L3810524</subfield></datafield><datafield tag="035" ind1=" " ind2=" "><subfield code="a">(NjP)5730130-princetondb</subfield></datafield><datafield tag="035" ind1=" " ind2=" "><subfield code="z">(NjP)Voyager5730130</subfield></datafield><datafield tag="035" ind1=" " ind2=" "><subfield code="a">(OCoLC)ocn166383978</subfield></datafield><datafield tag="040" ind1=" " ind2=" "><subfield code="a">DLC</subfield><subfield code="b">eng</subfield><subfield code="c">DLC</subfield><subfield code="d">BTCTA</subfield><subfield code="d">BAKER</subfield><subfield code="d">YDXCP</subfield><subfield code="d">YDX</subfield><subfield code="d">C#P</subfield></datafield><datafield tag="050" ind1="0" ind2="0"><subfield code="a">PN3433.5</subfield><subfield code="b">.R69 2009</subfield></datafield><datafield tag="245" ind1="0" ind2="4"><subfield code="a">The Routledge companion to science fiction /</subfield><subfield code="c">edited by Mark Bould ... [et al.].</subfield></datafield><datafield tag="260" ind1=" " ind2=" "><subfield code="a">London ;</subfield><subfield code="a">New York :</subfield><subfield code="b">Routledge,</subfield><subfield code="c">2009.</subfield></datafield><datafield tag="300" ind1=" " ind2=" "><subfield code="a">xxii, 554 p. :</subfield><subfield code="b">ill. ;</subfield><subfield code="c">26 cm.</subfield></datafield><datafield tag="504" ind1=" " ind2=" "><subfield code="a">Includes bibliographical references and index.</subfield></datafield><datafield tag="650" ind1=" " ind2="0"><subfield code="a">Science fiction</subfield><subfield code="x">History and criticism.</subfield><subfield code="0">http://id.loc.gov/authorities/subjects/sh85118631</subfield></datafield><datafield tag="700" ind1="1" ind2=" "><subfield code="a">Bould, Mark.</subfield><subfield code="0">http://id.loc.gov/authorities/names/no2005118371</subfield></datafield><datafield tag="902" ind1=" " ind2=" "><subfield code="a">lt</subfield><subfield code="b">l</subfield><subfield code="6">a</subfield><subfield code="7">m</subfield><subfield code="d">v</subfield><subfield code="f">1</subfield><subfield code="e">20090519</subfield></datafield><datafield tag="904" ind1=" " ind2=" "><subfield code="a">lt</subfield><subfield code="b">a</subfield><subfield code="h">m</subfield><subfield code="c">b</subfield><subfield code="e">20090519</subfield></datafield><datafield tag="914" ind1=" " ind2=" "><subfield code="a">(OCoLC)ocn166383978</subfield><subfield code="b">OCoLC</subfield><subfield code="c">match</subfield><subfield code="d">20240530</subfield><subfield code="e">processed</subfield><subfield code="f">166383978</subfield></datafield><datafield tag="999" ind1=" " ind2=" "><subfield code="a">5730130</subfield></datafield><datafield tag="950" ind1=" " ind2=" "><subfield code="c">2024-06-06 06:29:34 US/Eastern</subfield><subfield code="b">2021-07-12 16:24:08 US/Eastern</subfield><subfield code="a">false</subfield></datafield><datafield tag="852" ind1="0" ind2=" "><subfield code="b">firestone</subfield><subfield code="c">stacks</subfield><subfield code="h">PN3433.5</subfield><subfield code="i">.R69 2009</subfield><subfield code="8">22567294480006421</subfield></datafield><datafield tag="952" ind1=" " ind2=" "><subfield code="a">2021-07-12 20:24:08</subfield><subfield code="8">22567294480006421</subfield><subfield code="b">Firestone Library</subfield><subfield code="c">stacks: Firestone Library</subfield><subfield code="e">false</subfield></datafield><datafield tag="876" ind1=" " ind2=" "><subfield code="0">22567294480006421</subfield><subfield code="j">0</subfield><subfield code="x">LOAN</subfield><subfield code="z">stacks</subfield><subfield code="p">32101063393928</subfield><subfield code="t">1</subfield><subfield code="a">23567294470006421</subfield><subfield code="d">2009-05-18 20:00:00 US/Eastern</subfield><subfield code="q">2009-05-19 06:59:00 US/Eastern</subfield><subfield code="y">firestone</subfield></datafield></record>