<record><leader>01384cam a2200349 i 4500</leader><controlfield tag="005">20240813100629.0</controlfield><controlfield tag="008">800229s1978    enka          001 0 eng  </controlfield><controlfield tag="001">9925953506421</controlfield><datafield tag="010" ind1=" " ind2=" "><subfield code="a">   77091090 </subfield></datafield><datafield tag="015" ind1=" " ind2=" "><subfield code="a">GB79-00289</subfield></datafield><datafield tag="020" ind1=" " ind2=" "><subfield code="a">0521219779 :</subfield><subfield code="c">£4.00</subfield></datafield><datafield tag="035" ind1=" " ind2=" "><subfield code="a">(CStRLIN)NJPG14340801-B</subfield></datafield><datafield tag="035" ind1=" " ind2=" "><subfield code="9">AAF6848TS</subfield></datafield><datafield tag="035" ind1=" " ind2=" "><subfield code="a">(NjP)2595-princetondb</subfield></datafield><datafield tag="035" ind1=" " ind2=" "><subfield code="a">(OCoLC)ocm05350624</subfield></datafield><datafield tag="035" ind1=" " ind2=" "><subfield code="z">(NjP)Voyager2595</subfield></datafield><datafield tag="040" ind1=" " ind2=" "><subfield code="b">eng</subfield><subfield code="d">NjP</subfield><subfield code="c">NjP</subfield></datafield><datafield tag="082" ind1=" " ind2=" "><subfield code="a">488/.2/421</subfield></datafield><datafield tag="110" ind1="2" ind2=" "><subfield code="a">Joint Association of Classical Teachers.</subfield><subfield code="0">http://id.loc.gov/authorities/names/n80132938</subfield></datafield><datafield tag="245" ind1="1" ind2="0"><subfield code="a">Reading Greek /</subfield><subfield code="c">the Joint Association of Classical Teachers' Greek course.</subfield></datafield><datafield tag="260" ind1=" " ind2=" "><subfield code="a">Cambridge ;</subfield><subfield code="a">New York :</subfield><subfield code="b">Cambridge University Press,</subfield><subfield code="c">1978.</subfield></datafield><datafield tag="300" ind1=" " ind2=" "><subfield code="a">2 vol. :</subfield><subfield code="b">ill. ;</subfield><subfield code="c">21 cm. &amp; charts (in pocket).</subfield></datafield><datafield tag="500" ind1=" " ind2=" "><subfield code="a">Includes indexes.</subfield></datafield><datafield tag="505" ind1="0" ind2=" "><subfield code="a">v.[1]. Text.--v.[2]. Grammar, vocabulary and exercises.</subfield></datafield><datafield tag="650" ind1=" " ind2="0"><subfield code="a">Greek language</subfield><subfield code="x">Grammar.</subfield><subfield code="0">http://id.loc.gov/authorities/subjects/sh88002561</subfield></datafield><datafield tag="650" ind1=" " ind2="0"><subfield code="a">Greek language</subfield><subfield code="v">Readers.</subfield><subfield code="0">http://id.loc.gov/authorities/subjects/sh2008105410</subfield></datafield><datafield tag="852" ind1="0" ind2="1"><subfield code="0">2919</subfield><subfield code="b">clas</subfield><subfield code="h">PA258</subfield><subfield code="i">.J59 1978</subfield></datafield><datafield tag="866" ind1=" " ind2="0"><subfield code="0">2919</subfield><subfield code="a">Vol. 1-v. 2</subfield></datafield><datafield tag="911" ind1=" " ind2=" "><subfield code="a">19921028</subfield></datafield><datafield tag="912" ind1=" " ind2=" "><subfield code="a">19951026041529.0</subfield></datafield><datafield tag="914" ind1=" " ind2=" "><subfield code="a">(OCoLC)ocm05350624</subfield><subfield code="b">OCoLC</subfield><subfield code="c">match</subfield><subfield code="d">20221117</subfield><subfield code="e">processed</subfield><subfield code="f">5350624</subfield></datafield><datafield tag="998" ind1=" " ind2=" "><subfield code="a">02/29/80</subfield><subfield code="s">9610</subfield><subfield code="n">NjP</subfield><subfield code="w">NYPG794849641B</subfield><subfield code="d">05/19/81</subfield><subfield code="c">MKI</subfield><subfield code="b">MT</subfield><subfield code="i">800229</subfield><subfield code="l">NJPG</subfield></datafield><datafield tag="950" ind1=" " ind2=" "><subfield code="c">2025-10-10 04:20:45 US/Eastern</subfield><subfield code="b">2021-07-12 20:55:34 US/Eastern</subfield><subfield code="a">false</subfield></datafield><datafield tag="852" ind1="0" ind2="1"><subfield code="b">firestone</subfield><subfield code="c">clas</subfield><subfield code="h">PA258</subfield><subfield code="i">.J59 1978</subfield><subfield code="8">22616269760006421</subfield></datafield><datafield tag="866" ind1=" " ind2="0"><subfield code="a">Vol. 1-v. 2</subfield><subfield code="8">22616269760006421</subfield></datafield><datafield tag="952" ind1=" " ind2=" "><subfield code="a">2021-07-13 00:55:34</subfield><subfield code="8">22616269760006421</subfield><subfield code="b">Firestone Library</subfield><subfield code="c">clas: Classics Coll.</subfield><subfield code="e">false</subfield></datafield><datafield tag="876" ind1=" " ind2=" "><subfield code="0">22616269760006421</subfield><subfield code="j">0</subfield><subfield code="x">LOAN</subfield><subfield code="z">clas</subfield><subfield code="p">32101005025307</subfield><subfield code="t">1</subfield><subfield code="a">23616269750006421</subfield><subfield code="3">v.2</subfield><subfield code="d">2000-06-12 20:00:00 US/Eastern</subfield><subfield code="q">2000-06-13 15:52:46 US/Eastern</subfield><subfield code="y">firestone</subfield></datafield><datafield tag="876" ind1=" " ind2=" "><subfield code="0">22616269760006421</subfield><subfield code="j">1</subfield><subfield code="z">clas</subfield><subfield code="p">32101005025562</subfield><subfield code="t">1</subfield><subfield code="a">23616269740006421</subfield><subfield code="3">v.1</subfield><subfield code="d">2002-06-19 20:00:00 US/Eastern</subfield><subfield code="q">2002-06-20 15:54:10 US/Eastern</subfield><subfield code="y">firestone</subfield></datafield></record>