<record><leader>01318cam a2200337 a 4500</leader><controlfield tag="005">20240711082435.0</controlfield><controlfield tag="008">021213s2003    nyuab         001 0 eng  </controlfield><controlfield tag="001">9939160283506421</controlfield><datafield tag="010" ind1=" " ind2=" "><subfield code="a">  2002045015</subfield></datafield><datafield tag="020" ind1=" " ind2=" "><subfield code="a">0195149564 (bk. 1)</subfield></datafield><datafield tag="035" ind1=" " ind2=" "><subfield code="a">(NIC)4678728</subfield></datafield><datafield tag="035" ind1=" " ind2=" "><subfield code="a">(CStRLIN)NYCXV4678728-B</subfield></datafield><datafield tag="035" ind1=" " ind2=" "><subfield code="a">(NjP)3916028-princetondb</subfield></datafield><datafield tag="035" ind1=" " ind2=" "><subfield code="z">(NjP)Voyager3916028</subfield></datafield><datafield tag="035" ind1=" " ind2=" "><subfield code="a">(OCoLC)ocm51266248</subfield></datafield><datafield tag="040" ind1=" " ind2=" "><subfield code="a">DLC</subfield><subfield code="b">eng</subfield><subfield code="c">DLC</subfield><subfield code="d">OrLoB</subfield></datafield><datafield tag="042" ind1=" " ind2=" "><subfield code="a">pcc</subfield></datafield><datafield tag="050" ind1="0" ind2="0"><subfield code="a">PA258</subfield><subfield code="b">.B325 2003</subfield></datafield><datafield tag="082" ind1="0" ind2="0"><subfield code="a">488.2/421</subfield><subfield code="2">21</subfield></datafield><datafield tag="100" ind1="1" ind2=" "><subfield code="a">Balme, M. G.</subfield><subfield code="0">http://id.loc.gov/authorities/names/n50015983</subfield></datafield><datafield tag="245" ind1="1" ind2="0"><subfield code="a">Athenaze :</subfield><subfield code="b">an introduction to ancient Greek /</subfield><subfield code="c">Maurice Balme and Gilbert Lawall ; with drawings by Catherine Balme.</subfield></datafield><datafield tag="250" ind1=" " ind2=" "><subfield code="a">2nd ed.</subfield></datafield><datafield tag="260" ind1=" " ind2=" "><subfield code="a">New York ;</subfield><subfield code="a">Oxford :</subfield><subfield code="b">Oxford University Press,</subfield><subfield code="c">2003.</subfield></datafield><datafield tag="300" ind1=" " ind2=" "><subfield code="a">2 v. :</subfield><subfield code="b">ill., maps ;</subfield><subfield code="c">24 cm.</subfield></datafield><datafield tag="500" ind1=" " ind2=" "><subfield code="a">Includes indexes.</subfield></datafield><datafield tag="650" ind1=" " ind2="0"><subfield code="a">Greek language</subfield><subfield code="x">Grammar.</subfield><subfield code="0">http://id.loc.gov/authorities/subjects/sh88002561</subfield></datafield><datafield tag="650" ind1=" " ind2="0"><subfield code="a">Greek language</subfield><subfield code="v">Readers.</subfield><subfield code="0">http://id.loc.gov/authorities/subjects/sh2008105410</subfield></datafield><datafield tag="700" ind1="1" ind2=" "><subfield code="a">Lawall, Gilbert.</subfield><subfield code="0">http://id.loc.gov/authorities/names/n79058437</subfield></datafield><datafield tag="902" ind1=" " ind2=" "><subfield code="a">dld</subfield><subfield code="b">m</subfield><subfield code="6">a</subfield><subfield code="7">m</subfield><subfield code="d">v</subfield><subfield code="f">1</subfield><subfield code="g">p</subfield><subfield code="e">20030827</subfield></datafield><datafield tag="904" ind1=" " ind2=" "><subfield code="a">sla</subfield><subfield code="b">o</subfield><subfield code="h">m</subfield><subfield code="c">t</subfield><subfield code="e">20030616</subfield></datafield><datafield tag="914" ind1=" " ind2=" "><subfield code="a">(OCoLC)ocm51266248</subfield><subfield code="b">OCoLC</subfield><subfield code="c">match</subfield><subfield code="d">20240710</subfield><subfield code="e">processed</subfield><subfield code="f">51266248</subfield></datafield><datafield tag="950" ind1=" " ind2=" "><subfield code="c">2024-07-11 08:24:35 US/Eastern</subfield><subfield code="b">2021-07-12 23:32:42 US/Eastern</subfield><subfield code="a">false</subfield></datafield><datafield tag="852" ind1="0" ind2=" "><subfield code="b">firestone</subfield><subfield code="c">clas</subfield><subfield code="h">PA258</subfield><subfield code="i">.B325 2003</subfield><subfield code="8">22645377450006421</subfield></datafield><datafield tag="866" ind1=" " ind2="0"><subfield code="a">Book 1-bk. 2</subfield><subfield code="8">22645377450006421</subfield></datafield><datafield tag="952" ind1=" " ind2=" "><subfield code="a">2021-07-13 03:32:42</subfield><subfield code="8">22645377450006421</subfield><subfield code="b">Firestone Library</subfield><subfield code="c">clas: Classics Coll.</subfield><subfield code="e">false</subfield></datafield><datafield tag="876" ind1=" " ind2=" "><subfield code="0">22645377450006421</subfield><subfield code="j">0</subfield><subfield code="x">LOAN</subfield><subfield code="z">clas</subfield><subfield code="p">32101049087826</subfield><subfield code="t">1</subfield><subfield code="a">23645377430006421</subfield><subfield code="3">book 2</subfield><subfield code="d">2003-08-26 20:00:00 US/Eastern</subfield><subfield code="q">2003-08-27 06:59:00 US/Eastern</subfield><subfield code="y">firestone</subfield></datafield><datafield tag="876" ind1=" " ind2=" "><subfield code="0">22645377450006421</subfield><subfield code="j">1</subfield><subfield code="z">clas</subfield><subfield code="p">32101049087818</subfield><subfield code="t">1</subfield><subfield code="a">23645377440006421</subfield><subfield code="3">book 1</subfield><subfield code="d">2003-08-26 20:00:00 US/Eastern</subfield><subfield code="q">2003-08-27 06:59:00 US/Eastern</subfield><subfield code="y">firestone</subfield></datafield></record>