<record><leader>04691cam a2200481 i 4500</leader><controlfield tag="005">20240813093339.0</controlfield><controlfield tag="008">180716t20182018ne aeh   b    001 0 eng  </controlfield><controlfield tag="001">99111494383506421</controlfield><datafield tag="010" ind1=" " ind2=" "><subfield code="a">  2018033776</subfield></datafield><datafield tag="016" ind1="7" ind2=" "><subfield code="a">019200740</subfield><subfield code="2">Uk</subfield></datafield><datafield tag="020" ind1=" " ind2=" "><subfield code="a">9789004360891</subfield><subfield code="q">(hardback ;</subfield><subfield code="q">alk. paper)</subfield></datafield><datafield tag="020" ind1=" " ind2=" "><subfield code="a">9004360891</subfield><subfield code="q">(hardback ;</subfield><subfield code="q">alk. paper)</subfield></datafield><datafield tag="020" ind1=" " ind2=" "><subfield code="z">9789004379596</subfield></datafield><datafield tag="035" ind1=" " ind2=" "><subfield code="a">(NjP)11149438-princetondb</subfield></datafield><datafield tag="035" ind1=" " ind2=" "><subfield code="a">(OCoLC)on1041897746</subfield></datafield><datafield tag="035" ind1=" " ind2=" "><subfield code="z">(NjP)Voyager11149438</subfield></datafield><datafield tag="040" ind1=" " ind2=" "><subfield code="a">DLC</subfield><subfield code="b">eng</subfield><subfield code="e">rda</subfield><subfield code="c">DLC</subfield><subfield code="d">YDX</subfield><subfield code="d">DLC</subfield><subfield code="d">OCLCF</subfield><subfield code="d">OCLCO</subfield><subfield code="d">OCLCQ</subfield><subfield code="d">OHX</subfield><subfield code="d">UKMGB</subfield><subfield code="d">IPS</subfield></datafield><datafield tag="042" ind1=" " ind2=" "><subfield code="a">pcc</subfield></datafield><datafield tag="043" ind1=" " ind2=" "><subfield code="a">e------</subfield></datafield><datafield tag="050" ind1="0" ind2="0"><subfield code="a">ND450</subfield><subfield code="b">.M33 2018</subfield></datafield><datafield tag="082" ind1="0" ind2="0"><subfield code="a">759.03094/09031</subfield><subfield code="2">23</subfield></datafield><datafield tag="245" ind1="0" ind2="0"><subfield code="a">Making copies in European art 1400-1600 :</subfield><subfield code="b">shifting tastes, modes of transmission, and changing contexts /</subfield><subfield code="c">edited by Maddalena Bellavitis.</subfield></datafield><datafield tag="264" ind1=" " ind2="1"><subfield code="a">Leiden ;</subfield><subfield code="a">Boston :</subfield><subfield code="b">Brill,</subfield><subfield code="c">[2018]</subfield></datafield><datafield tag="264" ind1=" " ind2="4"><subfield code="c">©2018</subfield></datafield><datafield tag="300" ind1=" " ind2=" "><subfield code="a">xxv, 515 pages :</subfield><subfield code="b">illustrations (chiefly color), facsimiles, plan ;</subfield><subfield code="c">25 cm.</subfield></datafield><datafield tag="336" ind1=" " ind2=" "><subfield code="a">text</subfield><subfield code="b">txt</subfield><subfield code="2">rdacontent</subfield></datafield><datafield tag="337" ind1=" " ind2=" "><subfield code="a">unmediated</subfield><subfield code="b">n</subfield><subfield code="2">rdamedia</subfield></datafield><datafield tag="338" ind1=" " ind2=" "><subfield code="a">volume</subfield><subfield code="b">nc</subfield><subfield code="2">rdacarrier</subfield></datafield><datafield tag="490" ind1="1" ind2=" "><subfield code="a">Brill's studies in intellectual history,</subfield><subfield code="x">0920-8607 ;</subfield><subfield code="v">volume 286</subfield></datafield><datafield tag="490" ind1="1" ind2=" "><subfield code="a">Brill's studies on art, art history, and intellectual history ;</subfield><subfield code="v">volume 30</subfield></datafield><datafield tag="504" ind1=" " ind2=" "><subfield code="a">Includes bibliographical references and indexes.</subfield></datafield><datafield tag="505" ind1="2" ind2=" "><subfield code="a">Jan van Eyck's Arnolfini Portrait and Copies after his Woman and Her Toilette : Recollections of the Alhambra's Constellation Halls, the Hamman, and Alchemy / Barbara von Barghahn -- Models and the Practice of Drawing in Eastern Spain, 1370-1450 / Encarna Montero Tortajada -- Eyckian Icons and Copies / Larry Silver -- Copies after the Ghent Altarpiece for Spain: Four Case Studies / Leslie Blacksberg -- Following Bosch: The Impact of Hieronymus Bosch's Diableries and Their Reproduction in the 16th Century / Maddalena Bellavitis -- Tratta da Zorzi: Giulio Campagnola's Copies after other Artists and his Use of Models / Irene Brooke -- Virgin and Child with the Milk Soup after Gerard David: Series of Paintings on the Same Theme after Known Models / Catheline Périer-D'Ieteren -- Not Just Copies but Variations, Suggestions, Interpretations and Critical Reception: Joos van Cleve and the Lost Madonna of the Cherries by Leonardo da Vinci / Mari Pietrogiovanna -- Copies and Derivations of Giorgionesque Inventions: An Insight into the Visual and the Historical Sources / Sarah Ferrari -- Copies of Raphael's Mythological Paintings in the Collection of Cardinal Ludovisi / Claudia La Malfa -- From Workshp Master to the Artist's Individuality / Ana Calvo -- Jacopo Bassano and the Prints from Raphael's Masterpieces / Claudia Caramanna -- Que se haga al modo y manera de [...]: Copy and Interpretation in the Visual Arts in Aragón during the 16th Century / Carmen Morte García -- Early Netherlandish Devotional Images, Their Copies and Their Metamorphosis in Aragonese Culture through Peripheral Areas / Caterina Virdis Limentani -- Marketing Workshop Versions in the 17th-century Dutch Art Market / Angela Ho -- Pictorial Copies in Granda during the Early Modern Age / David García Cueto -- Coda.</subfield></datafield><datafield tag="520" ind1="8" ind2=" "><subfield code="a">Making Copies in European Art 1400-1600, edited by Maddalena Bellavitis, consists of 16 essays that explore the form and function, manner and meaning of copies after Renaissance works of art. The authors construe copying as a method of exchange based in the theory and practice of imitation, and they investigate the artistic techniques that enabled and facilitated the production of copies. They also ask what patrons and collectors wanted from a copy, which characteristics of an artwork were considered copyable, and where and how copies were stored, studied, displayed, and circulated. Making Copies in European Art, in addition to studying many unfamiliar pictures, incorporates previously unpublished documentary materials.</subfield></datafield><datafield tag="650" ind1=" " ind2="0"><subfield code="a">Painting, Renaissance.</subfield><subfield code="0">http://id.loc.gov/authorities/subjects/sh85096825</subfield></datafield><datafield tag="650" ind1=" " ind2="0"><subfield code="a">Pictures</subfield><subfield code="x">Copying.</subfield><subfield code="0">http://id.loc.gov/authorities/subjects/sh85102014</subfield></datafield><datafield tag="650" ind1=" " ind2="0"><subfield code="a">Art and society</subfield><subfield code="z">Europe</subfield><subfield code="x">History</subfield><subfield code="y">To 1500.</subfield></datafield><datafield tag="650" ind1=" " ind2="0"><subfield code="a">Art and society</subfield><subfield code="z">Europe</subfield><subfield code="x">History</subfield><subfield code="y">16th century.</subfield></datafield><datafield tag="700" ind1="1" ind2=" "><subfield code="a">Bellavitis, Maddalena,</subfield><subfield code="e">author,</subfield><subfield code="e">editor.</subfield><subfield code="0">http://id.loc.gov/authorities/names/no2008158354</subfield></datafield><datafield tag="830" ind1=" " ind2="0"><subfield code="a">Brill's studies in intellectual history ;</subfield><subfield code="v">v. 286.</subfield></datafield><datafield tag="830" ind1=" " ind2="0"><subfield code="a">Brill's studies in intellectual history.</subfield><subfield code="p">Brill's studies on art, art history, and intellectual history ;</subfield><subfield code="v">v. 30.</subfield></datafield><datafield tag="902" ind1=" " ind2=" "><subfield code="a">myt</subfield><subfield code="b">l</subfield><subfield code="6">a</subfield><subfield code="7">m</subfield><subfield code="d">v</subfield><subfield code="f">1</subfield><subfield code="e">20190207</subfield></datafield><datafield tag="904" ind1=" " ind2=" "><subfield code="a">myt</subfield><subfield code="b">a</subfield><subfield code="h">m</subfield><subfield code="c">b</subfield><subfield code="e">20190207</subfield></datafield><datafield tag="914" ind1=" " ind2=" "><subfield code="a">(OCoLC)on1041897746</subfield><subfield code="b">OCoLC</subfield><subfield code="c">match</subfield><subfield code="d">20221117</subfield><subfield code="e">processed</subfield><subfield code="f">1041897746</subfield></datafield><datafield tag="950" ind1=" " ind2=" "><subfield code="c">2024-09-14 05:32:26 US/Eastern</subfield><subfield code="b">2021-07-12 17:48:05 US/Eastern</subfield><subfield code="a">false</subfield></datafield><datafield tag="852" ind1="0" ind2=" "><subfield code="b">firestone</subfield><subfield code="c">stacks</subfield><subfield code="h">ND450</subfield><subfield code="i">.M33 2018</subfield><subfield code="8">22582516070006421</subfield></datafield><datafield tag="952" ind1=" " ind2=" "><subfield code="a">2021-07-12 21:48:05</subfield><subfield code="8">22582516070006421</subfield><subfield code="b">Firestone Library</subfield><subfield code="c">stacks: Firestone Library</subfield><subfield code="e">false</subfield></datafield><datafield tag="876" ind1=" " ind2=" "><subfield code="0">22582516070006421</subfield><subfield code="j">1</subfield><subfield code="z">stacks</subfield><subfield code="p">32101103547145</subfield><subfield code="t">0</subfield><subfield code="a">23582516060006421</subfield><subfield code="d">2019-02-06 19:00:00 US/Eastern</subfield><subfield code="q">2019-02-07 05:59:00 US/Eastern</subfield><subfield code="y">firestone</subfield></datafield></record>