<record><leader>03046cas a2200553Ia 4500</leader><controlfield tag="005">20230125202700.0</controlfield><controlfield tag="008">000516c19499999ch mr p       0   e0chi d</controlfield><controlfield tag="001">9931804883506421</controlfield><datafield tag="022" ind1=" " ind2=" "><subfield code="a">1563-1788</subfield></datafield><datafield tag="035" ind1=" " ind2=" "><subfield code="a">(CStRLIN)NJPX00-S83</subfield></datafield><datafield tag="035" ind1=" " ind2=" "><subfield code="a">(NjP)3180488-princetondb</subfield></datafield><datafield tag="035" ind1=" " ind2=" "><subfield code="a">(OCoLC)ocm28350382</subfield></datafield><datafield tag="035" ind1=" " ind2=" "><subfield code="z">(NjP)Voyager3180488</subfield></datafield><datafield tag="040" ind1=" " ind2=" "><subfield code="a">NjP-G</subfield><subfield code="b">eng</subfield><subfield code="c">PULEA</subfield><subfield code="d">PULEA</subfield></datafield><datafield tag="041" ind1=" " ind2="7"><subfield code="a">zho</subfield><subfield code="2">iso639-3</subfield></datafield><datafield tag="049" ind1=" " ind2=" "><subfield code="a">MAIN</subfield></datafield><datafield tag="090" ind1=" " ind2=" "><subfield code="a">BQ4570.L5</subfield><subfield code="b">J46q</subfield></datafield><datafield tag="130" ind1="0" ind2=" "><subfield code="6">880-01</subfield><subfield code="a">Ren sheng (Taipei, Taiwan)</subfield></datafield><datafield tag="880" ind1="0" ind2=" "><subfield code="6">130-01</subfield><subfield code="a">人生 (Taipei, Taiwan)</subfield></datafield><datafield tag="245" ind1="0" ind2="0"><subfield code="6">880-02</subfield><subfield code="a">Ren sheng =</subfield><subfield code="b">Humanity.</subfield></datafield><datafield tag="880" ind1="0" ind2="0"><subfield code="6">245-02</subfield><subfield code="a">人生 =</subfield><subfield code="b">Humanity.</subfield></datafield><datafield tag="246" ind1="3" ind2="1"><subfield code="a">Life seasonly</subfield></datafield><datafield tag="246" ind1="1" ind2="3"><subfield code="a">Humanity</subfield></datafield><datafield tag="246" ind1="1" ind2="3"><subfield code="6">880-03</subfield><subfield code="a">Ren sheng za zhi</subfield></datafield><datafield tag="880" ind1="1" ind2="3"><subfield code="6">246-03</subfield><subfield code="a">人生雜誌</subfield></datafield><datafield tag="246" ind1="1" ind2="3"><subfield code="6">880-04</subfield><subfield code="a">Ren sheng yue kan</subfield></datafield><datafield tag="880" ind1="1" ind2="3"><subfield code="6">246-04</subfield><subfield code="a">人生月刊</subfield></datafield><datafield tag="260" ind1=" " ind2=" "><subfield code="6">880-05</subfield><subfield code="a">Taibei Shi :</subfield><subfield code="b">Dongchu chu ban she</subfield></datafield><datafield tag="880" ind1=" " ind2=" "><subfield code="6">260-05</subfield><subfield code="a">台北市 :</subfield><subfield code="b">東初出版社</subfield></datafield><datafield tag="300" ind1=" " ind2=" "><subfield code="a">v. :</subfield><subfield code="b">ill. ;</subfield><subfield code="c">26-39 cm.</subfield></datafield><datafield tag="310" ind1=" " ind2=" "><subfield code="a">Monthly,</subfield><subfield code="b">Sept. 1984-</subfield></datafield><datafield tag="321" ind1=" " ind2=" "><subfield code="a">Quarterly,</subfield><subfield code="b">Aug. 1982</subfield></datafield><datafield tag="321" ind1=" " ind2=" "><subfield code="a">Bimonthly,</subfield><subfield code="b">Nov. 1982-July 1984</subfield></datafield><datafield tag="362" ind1="1" ind2=" "><subfield code="a">Began in 1949.</subfield></datafield><datafield tag="500" ind1=" " ind2=" "><subfield code="6">880-06</subfield><subfield code="a">Publisher: Ren sheng za zhi she, Nov. 1982-</subfield></datafield><datafield tag="880" ind1=" " ind2=" "><subfield code="6">500-06</subfield><subfield code="a">Publisher: 人生雜誌社, Nov. 1982-</subfield></datafield><datafield tag="500" ind1=" " ind2=" "><subfield code="6">880-07</subfield><subfield code="a">Description based on: [Fu kan], [di 1 qi] (Minguo 71 nian 8 yue 15 ri [1982 8 yue 15 ri]); title from masthead.</subfield></datafield><datafield tag="880" ind1=" " ind2=" "><subfield code="6">500-07</subfield><subfield code="a">Description based on: [復刊], [第1期] (民國71年8月15日 [1982 8月15日]); title from masthead.</subfield></datafield><datafield tag="500" ind1=" " ind2=" "><subfield code="a">Latest issue consulted: 292 (Dec. 2007).</subfield></datafield><datafield tag="515" ind1=" " ind2=" "><subfield code="a">Publication suspended 1962-July 1982.</subfield></datafield><datafield tag="515" ind1=" " ind2=" "><subfield code="6">880-08</subfield><subfield code="a">Issues for Feb. 1991-Apr. 1992 also called fo li 2535 nian 1 yue 1 ri-fo li nian 2536 nian 3 yue 13 ri.</subfield></datafield><datafield tag="880" ind1=" " ind2=" "><subfield code="6">515-08</subfield><subfield code="a">Issues for Feb. 1991-Apr. 1992 also called 佛曆2535年1月1日-佛曆年2536年3月13日.</subfield></datafield><datafield tag="546" ind1=" " ind2=" "><subfield code="a">In Chinese.</subfield></datafield><datafield tag="650" ind1=" " ind2="0"><subfield code="a">Life</subfield><subfield code="x">Religious aspects</subfield><subfield code="x">Buddhism</subfield><subfield code="v">Periodicals.</subfield></datafield><datafield tag="650" ind1=" " ind2="0"><subfield code="a">Buddhism</subfield><subfield code="v">Periodicals.</subfield><subfield code="0">http://id.loc.gov/authorities/subjects/sh2007102182</subfield></datafield><datafield tag="655" ind1=" " ind2="7"><subfield code="a">Periodicals.</subfield><subfield code="2">lcgft</subfield><subfield code="0">http://id.loc.gov/authorities/genreForms/gf2014026139</subfield></datafield><datafield tag="852" ind1="0" ind2=" "><subfield code="a">NjP-G</subfield><subfield code="b">C</subfield><subfield code="h">BQ4570.L5</subfield><subfield code="i">J46q</subfield><subfield code="x">c.1 (no.125-136 1994) Pub.12-16-1993. 32101035189917</subfield><subfield code="x">c.1 (no.137-148 1995) Pub.12-16-1993. 32101035189909</subfield><subfield code="x">c.1 (no.149-160 1996) Pub.12-16-1993. 32101035189891</subfield><subfield code="x">c.1 (no.161-172 1997) Pub.12-16-1993. 32101035189883</subfield><subfield code="x">c.1 (no.173-184 1998) Pub.12-16-1993. 32101035189875</subfield><subfield code="x">c.1 (no.185-196 1999) Pub.12-16-1993. 32101035189867</subfield><subfield code="x">c.1 (no.1-50 1982-1987) Pub.12-16-1993. 32101035183654</subfield><subfield code="x">c.1 (no.51-104 1987-1992) Pub.12-16-1993. 32101035183662</subfield><subfield code="x">CIN=CSW; OID=SML</subfield><subfield code="z">Library has: No.1 (1982)-104,125-196 (1999)</subfield></datafield><datafield tag="914" ind1=" " ind2=" "><subfield code="a">(OCoLC)ocm28350382</subfield><subfield code="b">OCoLC</subfield><subfield code="c">match</subfield><subfield code="d">20230125</subfield><subfield code="e">processed</subfield><subfield code="f">28350382</subfield></datafield><datafield tag="979" ind1=" " ind2=" "><subfield code="a">(OCoLC)ocn153520420</subfield></datafield><datafield tag="994" ind1=" " ind2=" "><subfield code="a">C0</subfield><subfield code="b">PULEA</subfield></datafield><datafield tag="950" ind1=" " ind2=" "><subfield code="c">2024-03-16 04:44:29 US/Eastern</subfield><subfield code="b">2021-07-13 05:10:42 US/Eastern</subfield><subfield code="a">false</subfield></datafield><datafield tag="852" ind1="0" ind2=" "><subfield code="b">eastasian</subfield><subfield code="c">cjk</subfield><subfield code="h">BQ4570.L5</subfield><subfield code="i">J46q</subfield><subfield code="k">Oversize</subfield><subfield code="8">22705621570006421</subfield></datafield><datafield tag="866" ind1=" " ind2="0"><subfield code="a">No. 401 (2017)-no. 502 (2025)</subfield><subfield code="8">22705621570006421</subfield></datafield><datafield tag="866" ind1=" " ind2="0"><subfield code="z">CURRENT ISSUES IN: East Asian Library (Gest)</subfield><subfield code="8">22705621570006421</subfield></datafield><datafield tag="952" ind1=" " ind2=" "><subfield code="d">2025-10-28 19:02:07</subfield><subfield code="8">22705621570006421</subfield><subfield code="a">2021-07-13 09:10:42</subfield><subfield code="b">East Asian Library</subfield><subfield code="c">cjk: East Asian Library</subfield><subfield code="e">false</subfield></datafield><datafield tag="852" ind1="0" ind2=" "><subfield code="b">recap</subfield><subfield code="c">pa</subfield><subfield code="h">BQ4570.L5</subfield><subfield code="i">J46</subfield><subfield code="k">Oversize</subfield><subfield code="8">22705621190006421</subfield></datafield><datafield tag="866" ind1=" " ind2="0"><subfield code="a">No. 1 (1982)-no. 400 (2016)</subfield><subfield code="8">22705621190006421</subfield></datafield><datafield tag="866" ind1=" " ind2="0"><subfield code="z">LACKS: no. 338, 351-358</subfield><subfield code="8">22705621190006421</subfield></datafield><datafield tag="952" ind1=" " ind2=" "><subfield code="d">2023-11-22 18:30:30</subfield><subfield code="8">22705621190006421</subfield><subfield code="a">2021-07-13 09:10:42</subfield><subfield code="b">ReCAP</subfield><subfield code="c">rcppa: RECAP</subfield><subfield code="e">false</subfield></datafield><datafield tag="876" ind1=" " ind2=" "><subfield code="0">22705621570006421</subfield><subfield code="j">1</subfield><subfield code="z">cjk</subfield><subfield code="a">231093282950006421</subfield><subfield code="3">no. 507  (Nov. 2025)</subfield><subfield code="d">2025-11-19 15:07:55 US/Eastern</subfield><subfield code="q">2025-11-19 15:08:11 US/Eastern</subfield><subfield code="y">eastasian</subfield></datafield><datafield tag="876" ind1=" " ind2=" "><subfield code="0">22705621570006421</subfield><subfield code="j">1</subfield><subfield code="z">cjk</subfield><subfield code="p">32101115480269</subfield><subfield code="a">231004284120006421</subfield><subfield code="3">no. 479-484 (2023)</subfield><subfield code="d">2024-01-03 13:02:03 US/Eastern</subfield><subfield code="q">2024-01-03 13:02:28 US/Eastern</subfield><subfield code="y">eastasian</subfield></datafield><datafield tag="876" ind1=" " ind2=" "><subfield code="0">22705621190006421</subfield><subfield code="j">1</subfield><subfield code="z">pa</subfield><subfield code="p">32101072947953</subfield><subfield code="t">1</subfield><subfield code="a">23705620990006421</subfield><subfield code="3">no.209-212 2001</subfield><subfield code="d">2001-07-26 20:00:00 US/Eastern</subfield><subfield code="q">2001-07-27 06:59:00 US/Eastern</subfield><subfield code="y">recap</subfield></datafield><datafield tag="876" ind1=" " ind2=" "><subfield code="0">22705621570006421</subfield><subfield code="j">1</subfield><subfield code="z">cjk</subfield><subfield code="a">231083940500006421</subfield><subfield code="3">no. 503 (July 2025 )</subfield><subfield code="d">2025-08-26 14:08:40 US/Eastern</subfield><subfield code="q">2025-08-26 14:08:40 US/Eastern</subfield><subfield code="y">eastasian</subfield></datafield><datafield tag="876" ind1=" " ind2=" "><subfield code="0">22705621570006421</subfield><subfield code="j">1</subfield><subfield code="z">cjk</subfield><subfield code="a">231088890330006421</subfield><subfield code="3">no. 505 (Sept. 2025)</subfield><subfield code="d">2025-09-25 09:44:15 US/Eastern</subfield><subfield code="q">2025-09-25 09:44:15 US/Eastern</subfield><subfield code="y">eastasian</subfield></datafield><datafield tag="876" ind1=" " ind2=" "><subfield code="0">22705621190006421</subfield><subfield code="j">1</subfield><subfield code="z">pa</subfield><subfield code="p">32101076571072</subfield><subfield code="t">1</subfield><subfield code="a">23705620760006421</subfield><subfield code="3">no.301-304 2008</subfield><subfield code="d">2010-04-25 20:00:00 US/Eastern</subfield><subfield code="q">2010-04-26 06:59:00 US/Eastern</subfield><subfield code="y">recap</subfield></datafield><datafield tag="876" ind1=" " ind2=" "><subfield code="0">22705621190006421</subfield><subfield code="j">1</subfield><subfield code="z">pa</subfield><subfield code="p">32101056634353</subfield><subfield code="t">1</subfield><subfield code="a">23705620920006421</subfield><subfield code="3">no.257-262 2005</subfield><subfield code="d">2005-11-21 19:00:00 US/Eastern</subfield><subfield code="q">2005-11-22 05:59:00 US/Eastern</subfield><subfield code="y">recap</subfield></datafield><datafield tag="876" ind1=" " ind2=" "><subfield code="0">22705621190006421</subfield><subfield code="j">1</subfield><subfield code="z">pa</subfield><subfield code="p">32101050110046</subfield><subfield code="t">1</subfield><subfield code="a">23705620940006421</subfield><subfield code="3">no.233-238 2003</subfield><subfield code="d">2003-10-12 20:00:00 US/Eastern</subfield><subfield code="q">2003-10-13 06:59:00 US/Eastern</subfield><subfield code="y">recap</subfield></datafield><datafield tag="876" ind1=" " ind2=" "><subfield code="0">22705621190006421</subfield><subfield code="j">1</subfield><subfield code="z">pa</subfield><subfield code="p">32101048707440</subfield><subfield code="t">1</subfield><subfield code="a">23705620950006421</subfield><subfield code="3">no.229-232 2002</subfield><subfield code="d">2003-03-02 19:00:00 US/Eastern</subfield><subfield code="q">2003-03-03 05:59:00 US/Eastern</subfield><subfield code="y">recap</subfield></datafield><datafield tag="876" ind1=" " ind2=" "><subfield code="0">22705621190006421</subfield><subfield code="j">1</subfield><subfield code="z">pa</subfield><subfield code="p">32101066011469</subfield><subfield code="t">1</subfield><subfield code="a">23705620780006421</subfield><subfield code="3">no.297-300 2008</subfield><subfield code="d">2009-03-11 20:00:00 US/Eastern</subfield><subfield code="q">2009-03-12 06:59:00 US/Eastern</subfield><subfield code="y">recap</subfield></datafield><datafield tag="876" ind1=" " ind2=" "><subfield code="0">22705621190006421</subfield><subfield code="j">1</subfield><subfield code="z">pa</subfield><subfield code="p">32101076570678</subfield><subfield code="t">1</subfield><subfield code="a">23705620750006421</subfield><subfield code="3">no.305-308 2009</subfield><subfield code="d">2010-04-25 20:00:00 US/Eastern</subfield><subfield code="q">2010-04-26 06:59:00 US/Eastern</subfield><subfield code="y">recap</subfield></datafield><datafield tag="876" ind1=" " ind2=" "><subfield code="0">22705621190006421</subfield><subfield code="j">1</subfield><subfield code="z">pa</subfield><subfield code="p">32101046239669</subfield><subfield code="t">1</subfield><subfield code="a">23705620970006421</subfield><subfield code="3">no.225-228 2002</subfield><subfield code="d">2002-10-14 20:00:00 US/Eastern</subfield><subfield code="q">2002-10-15 06:59:00 US/Eastern</subfield><subfield code="y">recap</subfield></datafield><datafield tag="876" ind1=" " ind2=" "><subfield code="0">22705621190006421</subfield><subfield code="j">1</subfield><subfield code="z">pa</subfield><subfield code="p">32101076571056</subfield><subfield code="t">1</subfield><subfield code="a">23705620730006421</subfield><subfield code="3">no.309-312 2009</subfield><subfield code="d">2010-04-25 20:00:00 US/Eastern</subfield><subfield code="q">2010-04-26 06:59:00 US/Eastern</subfield><subfield code="y">recap</subfield></datafield><datafield tag="876" ind1=" " ind2=" "><subfield code="0">22705621190006421</subfield><subfield code="j">1</subfield><subfield code="z">pa</subfield><subfield code="p">32101058999960</subfield><subfield code="t">1</subfield><subfield code="a">23705621100006421</subfield><subfield code="3">no.149-160 1996</subfield><subfield code="d">2000-06-12 20:00:00 US/Eastern</subfield><subfield code="q">2000-06-13 06:59:00 US/Eastern</subfield><subfield code="y">recap</subfield></datafield><datafield tag="876" ind1=" " ind2=" "><subfield code="0">22705621190006421</subfield><subfield code="j">1</subfield><subfield code="z">pa</subfield><subfield code="p">32101058999903</subfield><subfield code="t">1</subfield><subfield code="a">23705621170006421</subfield><subfield code="3">no.1-50 1982-1987</subfield><subfield code="d">2000-06-12 20:00:00 US/Eastern</subfield><subfield code="q">2000-06-13 06:59:00 US/Eastern</subfield><subfield code="y">recap</subfield></datafield><datafield tag="876" ind1=" " ind2=" "><subfield code="0">22705621190006421</subfield><subfield code="j">1</subfield><subfield code="z">pa</subfield><subfield code="p">32101059146819</subfield><subfield code="t">1</subfield><subfield code="a">23705620900006421</subfield><subfield code="3">no.263-268 2005</subfield><subfield code="d">2006-04-09 20:00:00 US/Eastern</subfield><subfield code="q">2006-04-10 06:59:00 US/Eastern</subfield><subfield code="y">recap</subfield></datafield><datafield tag="876" ind1=" " ind2=" "><subfield code="0">22705621190006421</subfield><subfield code="j">1</subfield><subfield code="z">pa</subfield><subfield code="p">32101058999952</subfield><subfield code="t">1</subfield><subfield code="a">23705621120006421</subfield><subfield code="3">no.137-148 1995</subfield><subfield code="d">2000-06-12 20:00:00 US/Eastern</subfield><subfield code="q">2000-06-13 06:59:00 US/Eastern</subfield><subfield code="y">recap</subfield></datafield><datafield tag="876" ind1=" " ind2=" "><subfield code="0">22705621570006421</subfield><subfield code="j">1</subfield><subfield code="z">cjk</subfield><subfield code="p">32101115428466</subfield><subfield code="a">231037722010006421</subfield><subfield code="3">no. 491-496 (2024)</subfield><subfield code="d">2024-12-13 11:04:24 US/Eastern</subfield><subfield code="q">2024-12-13 11:04:48 US/Eastern</subfield><subfield code="y">eastasian</subfield></datafield><datafield tag="876" ind1=" " ind2=" "><subfield code="0">22705621190006421</subfield><subfield code="j">1</subfield><subfield code="z">pa</subfield><subfield code="p">32101058999945</subfield><subfield code="t">1</subfield><subfield code="a">23705621130006421</subfield><subfield code="3">no.125-136 1994</subfield><subfield code="d">2000-06-12 20:00:00 US/Eastern</subfield><subfield code="q">2000-06-13 06:59:00 US/Eastern</subfield><subfield code="y">recap</subfield></datafield><datafield tag="876" ind1=" " ind2=" "><subfield code="0">22705621190006421</subfield><subfield code="j">1</subfield><subfield code="z">pa</subfield><subfield code="p">32101058999911</subfield><subfield code="t">1</subfield><subfield code="a">23705621150006421</subfield><subfield code="3">no.51-104 1987-1992</subfield><subfield code="d">2000-06-12 20:00:00 US/Eastern</subfield><subfield code="q">2000-06-13 06:59:00 US/Eastern</subfield><subfield code="y">recap</subfield></datafield><datafield tag="876" ind1=" " ind2=" "><subfield code="0">22705621190006421</subfield><subfield code="j">1</subfield><subfield code="z">pa</subfield><subfield code="p">32101056654609</subfield><subfield code="t">1</subfield><subfield code="a">23705620440006421</subfield><subfield code="3">no.251-256 2004</subfield><subfield code="d">2005-03-02 19:00:00 US/Eastern</subfield><subfield code="q">2005-03-03 05:59:00 US/Eastern</subfield><subfield code="y">recap</subfield></datafield><datafield tag="876" ind1=" " ind2=" "><subfield code="0">22705621190006421</subfield><subfield code="j">1</subfield><subfield code="z">pa</subfield><subfield code="p">32101063680761</subfield><subfield code="t">1</subfield><subfield code="a">23705620530006421</subfield><subfield code="3">no.275-280 2006</subfield><subfield code="d">2008-04-22 20:00:00 US/Eastern</subfield><subfield code="q">2008-04-23 06:59:00 US/Eastern</subfield><subfield code="y">recap</subfield></datafield><datafield tag="876" ind1=" " ind2=" "><subfield code="0">22705621190006421</subfield><subfield code="j">1</subfield><subfield code="z">pa</subfield><subfield code="p">32101059000008</subfield><subfield code="t">1</subfield><subfield code="a">23705620600006421</subfield><subfield code="3">no.197-200 2000</subfield><subfield code="d">2000-12-28 19:00:00 US/Eastern</subfield><subfield code="q">2000-12-29 05:59:00 US/Eastern</subfield><subfield code="y">recap</subfield></datafield><datafield tag="876" ind1=" " ind2=" "><subfield code="0">22705621190006421</subfield><subfield code="j">1</subfield><subfield code="z">pa</subfield><subfield code="p">32101095217772</subfield><subfield code="t">1</subfield><subfield code="a">23705620620006421</subfield><subfield code="3">no.389-394 2016</subfield><subfield code="d">2017-01-11 19:00:00 US/Eastern</subfield><subfield code="q">2017-01-12 05:59:00 US/Eastern</subfield><subfield code="y">recap</subfield></datafield><datafield tag="876" ind1=" " ind2=" "><subfield code="0">22705621190006421</subfield><subfield code="j">1</subfield><subfield code="z">pa</subfield><subfield code="p">32101075955821</subfield><subfield code="t">1</subfield><subfield code="a">23705620710006421</subfield><subfield code="3">no.317-320 2010</subfield><subfield code="d">2010-06-06 20:00:00 US/Eastern</subfield><subfield code="q">2010-06-07 06:59:00 US/Eastern</subfield><subfield code="y">recap</subfield></datafield><datafield tag="876" ind1=" " ind2=" "><subfield code="0">22705621190006421</subfield><subfield code="j">1</subfield><subfield code="z">pa</subfield><subfield code="p">32101086664032</subfield><subfield code="t">1</subfield><subfield code="a">23705620460006421</subfield><subfield code="3">no.369-372 2014</subfield><subfield code="d">2014-09-15 20:00:00 US/Eastern</subfield><subfield code="q">2014-09-16 06:59:00 US/Eastern</subfield><subfield code="y">recap</subfield></datafield><datafield tag="876" ind1=" " ind2=" "><subfield code="0">22705621190006421</subfield><subfield code="j">1</subfield><subfield code="z">pa</subfield><subfield code="p">32101086658158</subfield><subfield code="t">1</subfield><subfield code="a">23705620480006421</subfield><subfield code="3">no.361-364 2013</subfield><subfield code="d">2014-05-27 20:00:00 US/Eastern</subfield><subfield code="q">2014-05-28 06:59:00 US/Eastern</subfield><subfield code="y">recap</subfield></datafield><datafield tag="876" ind1=" " ind2=" "><subfield code="0">22705621190006421</subfield><subfield code="j">1</subfield><subfield code="z">pa</subfield><subfield code="p">32101099722546</subfield><subfield code="t">1</subfield><subfield code="a">23705620660006421</subfield><subfield code="3">no.337, 339-340 2011</subfield><subfield code="d">2016-06-05 20:00:00 US/Eastern</subfield><subfield code="q">2016-06-06 06:59:00 US/Eastern</subfield><subfield code="y">recap</subfield></datafield><datafield tag="876" ind1=" " ind2=" "><subfield code="0">22705621190006421</subfield><subfield code="j">1</subfield><subfield code="z">pa</subfield><subfield code="p">32101099722553</subfield><subfield code="t">1</subfield><subfield code="a">23705620640006421</subfield><subfield code="3">no.359-360 2013</subfield><subfield code="d">2016-06-05 20:00:00 US/Eastern</subfield><subfield code="q">2016-06-06 06:59:00 US/Eastern</subfield><subfield code="y">recap</subfield></datafield><datafield tag="876" ind1=" " ind2=" "><subfield code="0">22705621190006421</subfield><subfield code="j">1</subfield><subfield code="z">pa</subfield><subfield code="p">32101093193660</subfield><subfield code="t">1</subfield><subfield code="a">23705620510006421</subfield><subfield code="3">no.333-336 2011</subfield><subfield code="d">2013-10-17 20:00:00 US/Eastern</subfield><subfield code="q">2013-10-18 06:59:00 US/Eastern</subfield><subfield code="y">recap</subfield></datafield><datafield tag="876" ind1=" " ind2=" "><subfield code="0">22705621190006421</subfield><subfield code="j">1</subfield><subfield code="z">pa</subfield><subfield code="p">32101072947961</subfield><subfield code="t">1</subfield><subfield code="a">23705620570006421</subfield><subfield code="3">no.213-216 2001</subfield><subfield code="d">2001-10-03 20:00:00 US/Eastern</subfield><subfield code="q">2001-10-04 06:59:00 US/Eastern</subfield><subfield code="y">recap</subfield></datafield><datafield tag="876" ind1=" " ind2=" "><subfield code="0">22705621190006421</subfield><subfield code="j">1</subfield><subfield code="z">pa</subfield><subfield code="p">32101059000016</subfield><subfield code="t">1</subfield><subfield code="a">23705620590006421</subfield><subfield code="3">no.201-204 2000</subfield><subfield code="d">2000-12-28 19:00:00 US/Eastern</subfield><subfield code="q">2000-12-29 05:59:00 US/Eastern</subfield><subfield code="y">recap</subfield></datafield><datafield tag="876" ind1=" " ind2=" "><subfield code="0">22705621190006421</subfield><subfield code="j">1</subfield><subfield code="z">pa</subfield><subfield code="p">32101050170693</subfield><subfield code="t">1</subfield><subfield code="a">23705620550006421</subfield><subfield code="3">no.239-244 2003</subfield><subfield code="d">2004-01-29 19:00:00 US/Eastern</subfield><subfield code="q">2004-01-30 05:59:00 US/Eastern</subfield><subfield code="y">recap</subfield></datafield><datafield tag="876" ind1=" " ind2=" "><subfield code="0">22705621570006421</subfield><subfield code="j">1</subfield><subfield code="z">cjk</subfield><subfield code="p">32101110385174</subfield><subfield code="a">23922209090006421</subfield><subfield code="3">no. 455-460 (2021)</subfield><subfield code="d">2022-03-29 12:46:01 US/Eastern</subfield><subfield code="q">2022-03-29 12:46:30 US/Eastern</subfield><subfield code="y">eastasian</subfield></datafield><datafield tag="876" ind1=" " ind2=" "><subfield code="0">22705621570006421</subfield><subfield code="j">1</subfield><subfield code="z">cjk</subfield><subfield code="p">32101110385208</subfield><subfield code="a">23922209120006421</subfield><subfield code="3">no. 437-442 (2020)</subfield><subfield code="d">2022-03-29 12:41:44 US/Eastern</subfield><subfield code="q">2022-03-29 12:42:04 US/Eastern</subfield><subfield code="y">eastasian</subfield></datafield><datafield tag="876" ind1=" " ind2=" "><subfield code="0">22705621570006421</subfield><subfield code="j">1</subfield><subfield code="z">cjk</subfield><subfield code="p">32101110385182</subfield><subfield code="a">23922209100006421</subfield><subfield code="3">no. 449-454 (2021)</subfield><subfield code="d">2022-03-29 12:44:11 US/Eastern</subfield><subfield code="q">2022-03-29 12:45:02 US/Eastern</subfield><subfield code="y">eastasian</subfield></datafield><datafield tag="876" ind1=" " ind2=" "><subfield code="0">22705621570006421</subfield><subfield code="j">1</subfield><subfield code="z">cjk</subfield><subfield code="a">231101799800006421</subfield><subfield code="3">no. 509, 2026 </subfield><subfield code="d">2026-02-04 15:15:02 US/Eastern</subfield><subfield code="q">2026-02-04 15:15:02 US/Eastern</subfield><subfield code="y">eastasian</subfield></datafield><datafield tag="876" ind1=" " ind2=" "><subfield code="0">22705621570006421</subfield><subfield code="j">1</subfield><subfield code="z">cjk</subfield><subfield code="p">32101114087636</subfield><subfield code="a">231001990410006421</subfield><subfield code="3">no. 461-466 (2022)</subfield><subfield code="d">2023-11-22 13:34:44 US/Eastern</subfield><subfield code="q">2023-11-22 13:35:35 US/Eastern</subfield><subfield code="y">eastasian</subfield></datafield><datafield tag="876" ind1=" " ind2=" "><subfield code="0">22705621190006421</subfield><subfield code="j">1</subfield><subfield code="z">pa</subfield><subfield code="p">32101058999994</subfield><subfield code="t">1</subfield><subfield code="a">23705621040006421</subfield><subfield code="3">no.185-196 1999</subfield><subfield code="d">2000-06-12 20:00:00 US/Eastern</subfield><subfield code="q">2000-06-13 06:59:00 US/Eastern</subfield><subfield code="y">recap</subfield></datafield><datafield tag="876" ind1=" " ind2=" "><subfield code="0">22705621570006421</subfield><subfield code="j">1</subfield><subfield code="z">cjk</subfield><subfield code="a">231101530380006421</subfield><subfield code="3">no. 508, 2025 (Dec. )</subfield><subfield code="d">2026-02-02 11:31:37 US/Eastern</subfield><subfield code="q">2026-02-02 11:31:37 US/Eastern</subfield><subfield code="y">eastasian</subfield></datafield><datafield tag="876" ind1=" " ind2=" "><subfield code="0">22705621190006421</subfield><subfield code="j">1</subfield><subfield code="z">pa</subfield><subfield code="p">32101058999986</subfield><subfield code="t">1</subfield><subfield code="a">23705621060006421</subfield><subfield code="3">no.173-184 1998</subfield><subfield code="d">2000-06-12 20:00:00 US/Eastern</subfield><subfield code="q">2000-06-13 06:59:00 US/Eastern</subfield><subfield code="y">recap</subfield></datafield><datafield tag="876" ind1=" " ind2=" "><subfield code="0">22705621570006421</subfield><subfield code="j">1</subfield><subfield code="z">cjk</subfield><subfield code="p">32101097836876</subfield><subfield code="t">1</subfield><subfield code="a">23705621240006421</subfield><subfield code="3">no.401-406 2017</subfield><subfield code="d">2018-12-17 19:00:00 US/Eastern</subfield><subfield code="q">2018-12-18 05:59:00 US/Eastern</subfield><subfield code="y">eastasian</subfield></datafield><datafield tag="876" ind1=" " ind2=" "><subfield code="0">22705621570006421</subfield><subfield code="j">1</subfield><subfield code="z">cjk</subfield><subfield code="p">32101097836850</subfield><subfield code="t">1</subfield><subfield code="a">23705621200006421</subfield><subfield code="3">no.413-418 2018</subfield><subfield code="d">2018-12-17 19:00:00 US/Eastern</subfield><subfield code="q">2018-12-18 05:59:00 US/Eastern</subfield><subfield code="y">eastasian</subfield></datafield><datafield tag="876" ind1=" " ind2=" "><subfield code="0">22705621570006421</subfield><subfield code="j">1</subfield><subfield code="z">cjk</subfield><subfield code="p">32101097836868</subfield><subfield code="t">1</subfield><subfield code="a">23705621210006421</subfield><subfield code="3">no.407-412 2017</subfield><subfield code="d">2018-12-17 19:00:00 US/Eastern</subfield><subfield code="q">2018-12-18 05:59:00 US/Eastern</subfield><subfield code="y">eastasian</subfield></datafield><datafield tag="876" ind1=" " ind2=" "><subfield code="0">22705621570006421</subfield><subfield code="j">1</subfield><subfield code="z">cjk</subfield><subfield code="p">32101097836843</subfield><subfield code="t">1</subfield><subfield code="a">23705621250006421</subfield><subfield code="3">no.419-424 2018</subfield><subfield code="d">2018-12-17 19:00:00 US/Eastern</subfield><subfield code="q">2018-12-18 05:59:00 US/Eastern</subfield><subfield code="y">eastasian</subfield></datafield><datafield tag="876" ind1=" " ind2=" "><subfield code="0">22705621570006421</subfield><subfield code="j">1</subfield><subfield code="z">cjk</subfield><subfield code="p">32101114064783</subfield><subfield code="a">231091525620006421</subfield><subfield code="3">no. 497-502 (2025)</subfield><subfield code="d">2025-10-28 15:02:48 US/Eastern</subfield><subfield code="q">2025-10-28 15:04:05 US/Eastern</subfield><subfield code="y">eastasian</subfield></datafield><datafield tag="876" ind1=" " ind2=" "><subfield code="0">22705621190006421</subfield><subfield code="j">1</subfield><subfield code="z">pa</subfield><subfield code="p">32101063684938</subfield><subfield code="t">1</subfield><subfield code="a">23705620850006421</subfield><subfield code="3">no.293-296 2008</subfield><subfield code="d">2008-07-24 20:00:00 US/Eastern</subfield><subfield code="q">2008-07-25 06:59:00 US/Eastern</subfield><subfield code="y">recap</subfield></datafield><datafield tag="876" ind1=" " ind2=" "><subfield code="0">22705621190006421</subfield><subfield code="j">1</subfield><subfield code="z">pa</subfield><subfield code="p">32101081417048</subfield><subfield code="t">1</subfield><subfield code="a">23705620680006421</subfield><subfield code="3">no.373-376 2014</subfield><subfield code="d">2015-02-15 19:00:00 US/Eastern</subfield><subfield code="q">2015-02-16 05:59:00 US/Eastern</subfield><subfield code="y">recap</subfield></datafield><datafield tag="876" ind1=" " ind2=" "><subfield code="0">22705621190006421</subfield><subfield code="j">1</subfield><subfield code="z">pa</subfield><subfield code="p">32101086733340</subfield><subfield code="t">1</subfield><subfield code="a">23705620670006421</subfield><subfield code="3">no.381-384 2015</subfield><subfield code="d">2015-10-05 20:00:00 US/Eastern</subfield><subfield code="q">2015-10-06 06:59:00 US/Eastern</subfield><subfield code="y">recap</subfield></datafield><datafield tag="876" ind1=" " ind2=" "><subfield code="0">22705621190006421</subfield><subfield code="j">1</subfield><subfield code="z">pa</subfield><subfield code="p">32101093194080</subfield><subfield code="t">1</subfield><subfield code="a">23705620690006421</subfield><subfield code="3">no.329-332 2011</subfield><subfield code="d">2013-10-23 20:00:00 US/Eastern</subfield><subfield code="q">2013-10-24 06:59:00 US/Eastern</subfield><subfield code="y">recap</subfield></datafield><datafield tag="876" ind1=" " ind2=" "><subfield code="0">22705621190006421</subfield><subfield code="j">1</subfield><subfield code="z">pa</subfield><subfield code="p">32101058999937</subfield><subfield code="t">1</subfield><subfield code="a">23705621000006421</subfield><subfield code="3">no.113-124 1993</subfield><subfield code="d">2000-08-16 20:00:00 US/Eastern</subfield><subfield code="q">2000-08-17 06:59:00 US/Eastern</subfield><subfield code="y">recap</subfield></datafield><datafield tag="876" ind1=" " ind2=" "><subfield code="0">22705621190006421</subfield><subfield code="j">1</subfield><subfield code="z">pa</subfield><subfield code="p">32101063685315</subfield><subfield code="t">1</subfield><subfield code="a">23705620810006421</subfield><subfield code="3">no.289-292 2007</subfield><subfield code="d">2008-07-28 20:00:00 US/Eastern</subfield><subfield code="q">2008-07-29 06:59:00 US/Eastern</subfield><subfield code="y">recap</subfield></datafield><datafield tag="876" ind1=" " ind2=" "><subfield code="0">22705621570006421</subfield><subfield code="j">1</subfield><subfield code="z">cjk</subfield><subfield code="a">231100761270006421</subfield><subfield code="3">no. 508 (Dec 2025)</subfield><subfield code="d">2026-01-16 11:11:12 US/Eastern</subfield><subfield code="q">2026-01-16 11:11:39 US/Eastern</subfield><subfield code="y">eastasian</subfield></datafield><datafield tag="876" ind1=" " ind2=" "><subfield code="0">22705621190006421</subfield><subfield code="j">1</subfield><subfield code="z">pa</subfield><subfield code="p">32101058999978</subfield><subfield code="t">1</subfield><subfield code="a">23705621080006421</subfield><subfield code="3">no.161-172 1997</subfield><subfield code="d">2000-06-12 20:00:00 US/Eastern</subfield><subfield code="q">2000-06-13 06:59:00 US/Eastern</subfield><subfield code="y">recap</subfield></datafield><datafield tag="876" ind1=" " ind2=" "><subfield code="0">22705621190006421</subfield><subfield code="j">1</subfield><subfield code="z">pa</subfield><subfield code="p">32101058999929</subfield><subfield code="t">1</subfield><subfield code="a">23705621020006421</subfield><subfield code="3">no.105-112 1992</subfield><subfield code="d">2000-08-16 20:00:00 US/Eastern</subfield><subfield code="q">2000-08-17 06:59:00 US/Eastern</subfield><subfield code="y">recap</subfield></datafield><datafield tag="876" ind1=" " ind2=" "><subfield code="0">22705621190006421</subfield><subfield code="j">1</subfield><subfield code="z">pa</subfield><subfield code="p">32101063685307</subfield><subfield code="t">1</subfield><subfield code="a">23705620830006421</subfield><subfield code="3">no.281-284 2007</subfield><subfield code="d">2008-07-28 20:00:00 US/Eastern</subfield><subfield code="q">2008-07-29 06:59:00 US/Eastern</subfield><subfield code="y">recap</subfield></datafield><datafield tag="876" ind1=" " ind2=" "><subfield code="0">22705621570006421</subfield><subfield code="j">1</subfield><subfield code="z">cjk</subfield><subfield code="p">32101115421057</subfield><subfield code="a">231021100480006421</subfield><subfield code="3">no. 485-490 (2024)</subfield><subfield code="d">2024-06-13 10:57:34 US/Eastern</subfield><subfield code="q">2024-06-13 10:58:07 US/Eastern</subfield><subfield code="y">eastasian</subfield></datafield><datafield tag="876" ind1=" " ind2=" "><subfield code="0">22705621190006421</subfield><subfield code="j">1</subfield><subfield code="z">pa</subfield><subfield code="p">32101063687410</subfield><subfield code="t">1</subfield><subfield code="a">23705620800006421</subfield><subfield code="3">no.285-288 2007</subfield><subfield code="d">2008-08-05 20:00:00 US/Eastern</subfield><subfield code="q">2008-08-06 06:59:00 US/Eastern</subfield><subfield code="y">recap</subfield></datafield><datafield tag="876" ind1=" " ind2=" "><subfield code="0">22705621190006421</subfield><subfield code="j">1</subfield><subfield code="z">pa</subfield><subfield code="p">32101059159986</subfield><subfield code="t">1</subfield><subfield code="a">23705620860006421</subfield><subfield code="3">no.269-274 2006</subfield><subfield code="d">2007-01-24 19:00:00 US/Eastern</subfield><subfield code="q">2007-01-25 05:59:00 US/Eastern</subfield><subfield code="y">recap</subfield></datafield><datafield tag="876" ind1=" " ind2=" "><subfield code="0">22705621190006421</subfield><subfield code="j">1</subfield><subfield code="z">pa</subfield><subfield code="p">32101081847582</subfield><subfield code="t">1</subfield><subfield code="a">23705620520006421</subfield><subfield code="3">no.325-328 2010</subfield><subfield code="d">2012-01-29 19:00:00 US/Eastern</subfield><subfield code="q">2012-01-30 05:59:00 US/Eastern</subfield><subfield code="y">recap</subfield></datafield><datafield tag="876" ind1=" " ind2=" "><subfield code="0">22705621190006421</subfield><subfield code="j">1</subfield><subfield code="z">pa</subfield><subfield code="p">32101097886830</subfield><subfield code="t">1</subfield><subfield code="a">23705620610006421</subfield><subfield code="3">no.395-400 2016</subfield><subfield code="d">2017-05-04 20:00:00 US/Eastern</subfield><subfield code="q">2017-05-05 06:59:00 US/Eastern</subfield><subfield code="y">recap</subfield></datafield><datafield tag="876" ind1=" " ind2=" "><subfield code="0">22705621190006421</subfield><subfield code="j">1</subfield><subfield code="z">pa</subfield><subfield code="p">32101078140462</subfield><subfield code="t">1</subfield><subfield code="a">23705620700006421</subfield><subfield code="3">no.321-324 2010</subfield><subfield code="d">2011-04-27 20:00:00 US/Eastern</subfield><subfield code="q">2011-04-28 06:59:00 US/Eastern</subfield><subfield code="y">recap</subfield></datafield><datafield tag="876" ind1=" " ind2=" "><subfield code="0">22705621190006421</subfield><subfield code="j">1</subfield><subfield code="z">pa</subfield><subfield code="p">32101081423749</subfield><subfield code="t">1</subfield><subfield code="a">23705620430006421</subfield><subfield code="3">no.377-380 2015</subfield><subfield code="d">2015-05-05 20:00:00 US/Eastern</subfield><subfield code="q">2015-05-06 06:59:00 US/Eastern</subfield><subfield code="y">recap</subfield></datafield><datafield tag="876" ind1=" " ind2=" "><subfield code="0">22705621190006421</subfield><subfield code="j">1</subfield><subfield code="z">pa</subfield><subfield code="p">32101043956059</subfield><subfield code="t">1</subfield><subfield code="a">23705620450006421</subfield><subfield code="3">no.217-220 2001</subfield><subfield code="d">2002-03-18 19:00:00 US/Eastern</subfield><subfield code="q">2002-03-19 05:59:00 US/Eastern</subfield><subfield code="y">recap</subfield></datafield><datafield tag="876" ind1=" " ind2=" "><subfield code="0">22705621190006421</subfield><subfield code="j">1</subfield><subfield code="z">pa</subfield><subfield code="p">32101076573219</subfield><subfield code="t">1</subfield><subfield code="a">23705620720006421</subfield><subfield code="3">no.313-316 2009</subfield><subfield code="d">2010-05-03 20:00:00 US/Eastern</subfield><subfield code="q">2010-05-04 06:59:00 US/Eastern</subfield><subfield code="y">recap</subfield></datafield><datafield tag="876" ind1=" " ind2=" "><subfield code="0">22705621190006421</subfield><subfield code="j">1</subfield><subfield code="z">pa</subfield><subfield code="p">32101043811080</subfield><subfield code="t">1</subfield><subfield code="a">23705620560006421</subfield><subfield code="3">no.221-224 2002</subfield><subfield code="d">2002-08-21 20:00:00 US/Eastern</subfield><subfield code="q">2002-08-22 06:59:00 US/Eastern</subfield><subfield code="y">recap</subfield></datafield><datafield tag="876" ind1=" " ind2=" "><subfield code="0">22705621190006421</subfield><subfield code="j">1</subfield><subfield code="z">pa</subfield><subfield code="p">32101086658141</subfield><subfield code="t">1</subfield><subfield code="a">23705620470006421</subfield><subfield code="3">no.365-368 2014</subfield><subfield code="d">2014-05-27 20:00:00 US/Eastern</subfield><subfield code="q">2014-05-28 06:59:00 US/Eastern</subfield><subfield code="y">recap</subfield></datafield><datafield tag="876" ind1=" " ind2=" "><subfield code="0">22705621190006421</subfield><subfield code="j">1</subfield><subfield code="z">pa</subfield><subfield code="p">32101099726091</subfield><subfield code="t">1</subfield><subfield code="a">23705620630006421</subfield><subfield code="3">no.385-388 2015</subfield><subfield code="d">2016-07-14 20:00:00 US/Eastern</subfield><subfield code="q">2016-07-15 06:59:00 US/Eastern</subfield><subfield code="y">recap</subfield></datafield><datafield tag="876" ind1=" " ind2=" "><subfield code="0">22705621190006421</subfield><subfield code="j">1</subfield><subfield code="z">pa</subfield><subfield code="p">32101099722579</subfield><subfield code="t">1</subfield><subfield code="a">23705620650006421</subfield><subfield code="3">no.349-350 2012</subfield><subfield code="d">2016-06-05 20:00:00 US/Eastern</subfield><subfield code="q">2016-06-06 06:59:00 US/Eastern</subfield><subfield code="y">recap</subfield></datafield><datafield tag="876" ind1=" " ind2=" "><subfield code="0">22705621190006421</subfield><subfield code="j">1</subfield><subfield code="z">pa</subfield><subfield code="p">32101056650805</subfield><subfield code="t">1</subfield><subfield code="a">23705620540006421</subfield><subfield code="3">no.245-250 2004</subfield><subfield code="d">2005-01-24 19:00:00 US/Eastern</subfield><subfield code="q">2005-01-25 05:59:00 US/Eastern</subfield><subfield code="y">recap</subfield></datafield><datafield tag="876" ind1=" " ind2=" "><subfield code="0">22705621190006421</subfield><subfield code="j">1</subfield><subfield code="z">pa</subfield><subfield code="p">32101059000024</subfield><subfield code="t">1</subfield><subfield code="a">23705620580006421</subfield><subfield code="3">no.205-208 2000</subfield><subfield code="d">2001-04-01 20:00:00 US/Eastern</subfield><subfield code="q">2001-04-02 06:59:00 US/Eastern</subfield><subfield code="y">recap</subfield></datafield><datafield tag="876" ind1=" " ind2=" "><subfield code="0">22705621190006421</subfield><subfield code="j">1</subfield><subfield code="z">pa</subfield><subfield code="p">32101093193678</subfield><subfield code="t">1</subfield><subfield code="a">23705620500006421</subfield><subfield code="3">no.341-344 2012</subfield><subfield code="d">2013-10-17 20:00:00 US/Eastern</subfield><subfield code="q">2013-10-18 06:59:00 US/Eastern</subfield><subfield code="y">recap</subfield></datafield><datafield tag="876" ind1=" " ind2=" "><subfield code="0">22705621570006421</subfield><subfield code="j">1</subfield><subfield code="z">cjk</subfield><subfield code="a">231088115800006421</subfield><subfield code="3">no. 504 (Aug. 2025)</subfield><subfield code="d">2025-09-15 14:44:13 US/Eastern</subfield><subfield code="q">2025-09-15 14:44:12 US/Eastern</subfield><subfield code="y">eastasian</subfield></datafield><datafield tag="876" ind1=" " ind2=" "><subfield code="0">22705621570006421</subfield><subfield code="j">1</subfield><subfield code="z">cjk</subfield><subfield code="p">32101110385224</subfield><subfield code="a">23922209150006421</subfield><subfield code="3">no. 425-430 (2019)</subfield><subfield code="d">2022-03-29 12:39:01 US/Eastern</subfield><subfield code="q">2022-03-29 12:39:33 US/Eastern</subfield><subfield code="y">eastasian</subfield></datafield><datafield tag="876" ind1=" " ind2=" "><subfield code="0">22705621190006421</subfield><subfield code="j">1</subfield><subfield code="z">pa</subfield><subfield code="p">32101093193686</subfield><subfield code="t">1</subfield><subfield code="a">23705620490006421</subfield><subfield code="3">no.345-348 2012</subfield><subfield code="d">2013-10-17 20:00:00 US/Eastern</subfield><subfield code="q">2013-10-18 06:59:00 US/Eastern</subfield><subfield code="y">recap</subfield></datafield><datafield tag="876" ind1=" " ind2=" "><subfield code="0">22705621570006421</subfield><subfield code="j">1</subfield><subfield code="z">cjk</subfield><subfield code="p">32101110385190</subfield><subfield code="a">23922209110006421</subfield><subfield code="3">no. 443-448 (2020)</subfield><subfield code="d">2022-03-29 12:42:56 US/Eastern</subfield><subfield code="q">2022-03-29 12:43:16 US/Eastern</subfield><subfield code="y">eastasian</subfield></datafield><datafield tag="876" ind1=" " ind2=" "><subfield code="0">22705621570006421</subfield><subfield code="j">1</subfield><subfield code="z">cjk</subfield><subfield code="a">231090334490006421</subfield><subfield code="3">no. 506 (Oct. 2025)</subfield><subfield code="d">2025-10-14 10:41:26 US/Eastern</subfield><subfield code="q">2025-10-14 10:41:26 US/Eastern</subfield><subfield code="y">eastasian</subfield></datafield><datafield tag="876" ind1=" " ind2=" "><subfield code="0">22705621570006421</subfield><subfield code="j">1</subfield><subfield code="z">cjk</subfield><subfield code="p">32101114087610</subfield><subfield code="a">231001990390006421</subfield><subfield code="3">no. 473-478 (2023)</subfield><subfield code="d">2023-11-22 13:37:11 US/Eastern</subfield><subfield code="q">2023-11-22 13:37:55 US/Eastern</subfield><subfield code="y">eastasian</subfield></datafield><datafield tag="876" ind1=" " ind2=" "><subfield code="0">22705621570006421</subfield><subfield code="j">1</subfield><subfield code="z">cjk</subfield><subfield code="p">32101114087628</subfield><subfield code="a">231001990400006421</subfield><subfield code="3">no. 467-472 (2022)</subfield><subfield code="d">2023-11-22 13:36:29 US/Eastern</subfield><subfield code="q">2023-11-22 13:36:49 US/Eastern</subfield><subfield code="y">eastasian</subfield></datafield><datafield tag="876" ind1=" " ind2=" "><subfield code="0">22705621570006421</subfield><subfield code="j">1</subfield><subfield code="z">cjk</subfield><subfield code="p">32101110385216</subfield><subfield code="a">23922209130006421</subfield><subfield code="3">no. 431-436 (2019)</subfield><subfield code="d">2022-03-29 12:40:46 US/Eastern</subfield><subfield code="q">2022-03-29 12:41:05 US/Eastern</subfield><subfield code="y">eastasian</subfield></datafield></record>