<record><leader>01802cas a2200421 a 4500</leader><controlfield tag="005">20240816113824.0</controlfield><controlfield tag="008">030804c20039999cc mr p       0   e0chi d</controlfield><controlfield tag="001">9939419913506421</controlfield><datafield tag="022" ind1=" " ind2=" "><subfield code="a">1672-2329</subfield></datafield><datafield tag="035" ind1=" " ind2=" "><subfield code="a">(CStRLIN)NJPX03-S240</subfield></datafield><datafield tag="035" ind1=" " ind2=" "><subfield code="a">(NjP)3941991-princetondb</subfield></datafield><datafield tag="035" ind1=" " ind2=" "><subfield code="a">(OCoLC)ocm53024587</subfield></datafield><datafield tag="035" ind1=" " ind2=" "><subfield code="z">(NjP)Voyager3941991</subfield></datafield><datafield tag="040" ind1=" " ind2=" "><subfield code="a">NjP-G</subfield><subfield code="b">eng</subfield><subfield code="c">NjP-G</subfield></datafield><datafield tag="043" ind1=" " ind2=" "><subfield code="a">a-cc---</subfield></datafield><datafield tag="066" ind1=" " ind2=" "><subfield code="c">$1</subfield></datafield><datafield tag="090" ind1=" " ind2=" "><subfield code="a">ND1040</subfield><subfield code="b">.Z46q</subfield></datafield><datafield tag="130" ind1="0" ind2=" "><subfield code="6">880-01</subfield><subfield code="a">Zhongguo shu hua (Beijing, China : 2003)</subfield></datafield><datafield tag="880" ind1="0" ind2=" "><subfield code="6">130-01/$1</subfield><subfield code="a">中國書画 (Beijing, China : 2003)</subfield></datafield><datafield tag="245" ind1="0" ind2="0"><subfield code="6">880-02</subfield><subfield code="a">Zhongguo shu hua =</subfield><subfield code="b">Chinese painting &amp; calligraphy.</subfield></datafield><datafield tag="880" ind1="0" ind2="0"><subfield code="6">245-02/$1</subfield><subfield code="a">中國書画 =</subfield><subfield code="b">Chinese painting &amp; calligraphy.</subfield></datafield><datafield tag="246" ind1="3" ind2="0"><subfield code="a">Chinese painting and calligraphy</subfield></datafield><datafield tag="246" ind1="3" ind2="1"><subfield code="a">Chinese painting &amp; calligraphy</subfield></datafield><datafield tag="246" ind1="1" ind2="2"><subfield code="6">880-03</subfield><subfield code="a">Tang Shuangning zhuan ji</subfield><subfield code="f">2006 nian 10 yue</subfield></datafield><datafield tag="880" ind1="1" ind2="2"><subfield code="6">246-03/$1</subfield><subfield code="a">唐双宁专辑</subfield><subfield code="f">2006年10月</subfield></datafield><datafield tag="260" ind1=" " ind2=" "><subfield code="6">880-04</subfield><subfield code="a">Beijing Shi :</subfield><subfield code="b">Zhongguo shu hua za zhi she,</subfield><subfield code="c">2003-</subfield></datafield><datafield tag="880" ind1=" " ind2=" "><subfield code="6">260-04/$1</subfield><subfield code="a">北京市 :</subfield><subfield code="b">中国书画杂志社,</subfield><subfield code="c">2003-</subfield></datafield><datafield tag="300" ind1=" " ind2=" "><subfield code="a">v. :</subfield><subfield code="b">ill. (some col.) ;</subfield><subfield code="c">36 cm.</subfield></datafield><datafield tag="310" ind1=" " ind2=" "><subfield code="a">Monthly</subfield></datafield><datafield tag="362" ind1="0" ind2=" "><subfield code="6">880-05</subfield><subfield code="a">1-</subfield></datafield><datafield tag="880" ind1="0" ind2=" "><subfield code="6">362-05/$1</subfield><subfield code="a">壹-</subfield></datafield><datafield tag="500" ind1=" " ind2=" "><subfield code="a">Title from cover.</subfield></datafield><datafield tag="525" ind1=" " ind2=" "><subfield code="a">Issue 2006, 10 accompanied by an additional special issue, both called zong di 46 qi.</subfield></datafield><datafield tag="650" ind1=" " ind2="0"><subfield code="a">Painting, Chinese</subfield><subfield code="v">Periodicals.</subfield></datafield><datafield tag="650" ind1=" " ind2="0"><subfield code="a">Calligraphy, Chinese</subfield><subfield code="v">Periodicals.</subfield></datafield><datafield tag="655" ind1=" " ind2="7"><subfield code="a">Periodicals.</subfield><subfield code="2">lcgft</subfield><subfield code="0">http://id.loc.gov/authorities/genreForms/gf2014026139</subfield></datafield><datafield tag="852" ind1=" " ind2=" "><subfield code="a">NjP-G</subfield><subfield code="b">C</subfield><subfield code="h">ND1040</subfield><subfield code="i">.Z46q</subfield><subfield code="t">1</subfield><subfield code="x">CIN=CSW; OID=SML</subfield></datafield><datafield tag="914" ind1=" " ind2=" "><subfield code="a">(OCoLC)ocm53024587</subfield><subfield code="b">OCoLC</subfield><subfield code="c">field transfer</subfield><subfield code="d">20221117</subfield><subfield code="e">processed</subfield><subfield code="f">53024587</subfield></datafield><datafield tag="950" ind1=" " ind2=" "><subfield code="c">2024-08-16 11:38:24 US/Eastern</subfield><subfield code="b">2021-07-12 11:59:18 US/Eastern</subfield><subfield code="a">false</subfield></datafield><datafield tag="852" ind1="0" ind2=" "><subfield code="b">recap</subfield><subfield code="c">pa</subfield><subfield code="h">ND1040</subfield><subfield code="i">.Z46q</subfield><subfield code="k">Oversize</subfield><subfield code="8">22519576130006421</subfield></datafield><datafield tag="866" ind1=" " ind2="0"><subfield code="a">No. 1 (2003)-no. 96 (2010)</subfield><subfield code="8">22519576130006421</subfield></datafield><datafield tag="952" ind1=" " ind2=" "><subfield code="d">2025-10-26 18:56:31</subfield><subfield code="8">22519576130006421</subfield><subfield code="a">2021-07-12 15:59:18</subfield><subfield code="b">ReCAP</subfield><subfield code="c">rcppa: RECAP</subfield><subfield code="e">false</subfield></datafield><datafield tag="852" ind1="0" ind2=" "><subfield code="b">eastasian</subfield><subfield code="c">cjk</subfield><subfield code="h">ND1040</subfield><subfield code="i">.Z46q</subfield><subfield code="k">Oversize</subfield><subfield code="8">22519576850006421</subfield></datafield><datafield tag="866" ind1=" " ind2="0"><subfield code="a">No. 97 (2011)-no. 204 (2019); 2020 no. 1-2025 no. 6</subfield><subfield code="8">22519576850006421</subfield></datafield><datafield tag="866" ind1=" " ind2="0"><subfield code="z">CURRENT ISSUES IN: East Asian Library (Gest)</subfield><subfield code="8">22519576850006421</subfield></datafield><datafield tag="867" ind1=" " ind2="0"><subfield code="a">Supplement: 2011</subfield><subfield code="8">22519576850006421</subfield></datafield><datafield tag="952" ind1=" " ind2=" "><subfield code="d">2026-02-17 18:59:22</subfield><subfield code="8">22519576850006421</subfield><subfield code="a">2021-07-12 15:59:18</subfield><subfield code="b">East Asian Library</subfield><subfield code="c">cjk: East Asian Library</subfield><subfield code="e">false</subfield></datafield><datafield tag="876" ind1=" " ind2=" "><subfield code="0">22519576130006421</subfield><subfield code="j">1</subfield><subfield code="z">pa</subfield><subfield code="p">32101060517974</subfield><subfield code="t">1</subfield><subfield code="a">23519575890006421</subfield><subfield code="3">no.47-48 2006</subfield><subfield code="d">2007-04-08 20:00:00 US/Eastern</subfield><subfield code="q">2007-04-09 06:59:00 US/Eastern</subfield><subfield code="y">recap</subfield></datafield><datafield tag="876" ind1=" " ind2=" "><subfield code="0">22519576130006421</subfield><subfield code="j">1</subfield><subfield code="z">pa</subfield><subfield code="p">32101059156180</subfield><subfield code="t">1</subfield><subfield code="a">23519576030006421</subfield><subfield code="3">no.37-38 2006</subfield><subfield code="d">2006-11-27 19:00:00 US/Eastern</subfield><subfield code="q">2006-11-28 05:59:00 US/Eastern</subfield><subfield code="y">recap</subfield></datafield><datafield tag="876" ind1=" " ind2=" "><subfield code="0">22519576130006421</subfield><subfield code="j">1</subfield><subfield code="z">pa</subfield><subfield code="p">32101059156198</subfield><subfield code="t">1</subfield><subfield code="a">23519576020006421</subfield><subfield code="3">no.39-40 2006</subfield><subfield code="d">2006-11-27 19:00:00 US/Eastern</subfield><subfield code="q">2006-11-28 05:59:00 US/Eastern</subfield><subfield code="y">recap</subfield></datafield><datafield tag="876" ind1=" " ind2=" "><subfield code="0">22519576130006421</subfield><subfield code="j">1</subfield><subfield code="z">pa</subfield><subfield code="p">32101072389008</subfield><subfield code="t">1</subfield><subfield code="a">23519575870006421</subfield><subfield code="3">no.69-70 2008</subfield><subfield code="d">2009-06-09 20:00:00 US/Eastern</subfield><subfield code="q">2009-06-10 06:59:00 US/Eastern</subfield><subfield code="y">recap</subfield></datafield><datafield tag="876" ind1=" " ind2=" "><subfield code="0">22519576130006421</subfield><subfield code="j">1</subfield><subfield code="z">pa</subfield><subfield code="p">32101056635202</subfield><subfield code="t">1</subfield><subfield code="a">23519576040006421</subfield><subfield code="3">no.29-30 2005</subfield><subfield code="d">2005-11-28 19:00:00 US/Eastern</subfield><subfield code="q">2005-11-29 05:59:00 US/Eastern</subfield><subfield code="y">recap</subfield></datafield><datafield tag="876" ind1=" " ind2=" "><subfield code="0">22519576130006421</subfield><subfield code="j">1</subfield><subfield code="z">pa</subfield><subfield code="p">32101056654559</subfield><subfield code="t">1</subfield><subfield code="a">23519576050006421</subfield><subfield code="3">no.21-22 2004</subfield><subfield code="d">2005-03-02 19:00:00 US/Eastern</subfield><subfield code="q">2005-03-03 05:59:00 US/Eastern</subfield><subfield code="y">recap</subfield></datafield><datafield tag="876" ind1=" " ind2=" "><subfield code="0">22519576130006421</subfield><subfield code="j">1</subfield><subfield code="z">pa</subfield><subfield code="p">32101066003300</subfield><subfield code="t">1</subfield><subfield code="a">23519575880006421</subfield><subfield code="3">no.65-66 2008</subfield><subfield code="d">2008-10-26 20:00:00 US/Eastern</subfield><subfield code="q">2008-10-27 06:59:00 US/Eastern</subfield><subfield code="y">recap</subfield></datafield><datafield tag="876" ind1=" " ind2=" "><subfield code="0">22519576130006421</subfield><subfield code="j">1</subfield><subfield code="z">pa</subfield><subfield code="p">32101056465659</subfield><subfield code="t">1</subfield><subfield code="a">23519575860006421</subfield><subfield code="3">no.25-26 2005</subfield><subfield code="d">2005-10-13 20:00:00 US/Eastern</subfield><subfield code="q">2005-10-14 06:59:00 US/Eastern</subfield><subfield code="y">recap</subfield></datafield><datafield tag="876" ind1=" " ind2=" "><subfield code="0">22519576850006421</subfield><subfield code="j">1</subfield><subfield code="z">cjk</subfield><subfield code="p">32101114086026</subfield><subfield code="a">23998180700006421</subfield><subfield code="3">2022 no. 1-2 </subfield><subfield code="d">2023-11-06 13:11:11 US/Eastern</subfield><subfield code="q">2023-11-06 13:11:22 US/Eastern</subfield><subfield code="y">eastasian</subfield></datafield><datafield tag="876" ind1=" " ind2=" "><subfield code="0">22519576850006421</subfield><subfield code="j">1</subfield><subfield code="z">cjk</subfield><subfield code="p">32101114086034</subfield><subfield code="a">23998180710006421</subfield><subfield code="3">2021 no. 11-12 </subfield><subfield code="d">2023-11-06 13:10:30 US/Eastern</subfield><subfield code="q">2023-11-06 13:10:42 US/Eastern</subfield><subfield code="y">eastasian</subfield></datafield><datafield tag="876" ind1=" " ind2=" "><subfield code="0">22519576850006421</subfield><subfield code="j">1</subfield><subfield code="z">cjk</subfield><subfield code="p">32101114086042</subfield><subfield code="a">23998180720006421</subfield><subfield code="3">2021 no. 9-10 </subfield><subfield code="d">2023-11-06 13:09:31 US/Eastern</subfield><subfield code="q">2023-11-06 14:28:03 US/Eastern</subfield><subfield code="y">eastasian</subfield></datafield><datafield tag="876" ind1=" " ind2=" "><subfield code="0">22519576130006421</subfield><subfield code="j">1</subfield><subfield code="z">pa</subfield><subfield code="p">32101060514542</subfield><subfield code="t">1</subfield><subfield code="a">23519575820006421</subfield><subfield code="3">no.43-44 2006</subfield><subfield code="d">2007-02-27 19:00:00 US/Eastern</subfield><subfield code="q">2007-02-28 05:59:00 US/Eastern</subfield><subfield code="y">recap</subfield></datafield><datafield tag="876" ind1=" " ind2=" "><subfield code="0">22519576130006421</subfield><subfield code="j">1</subfield><subfield code="z">pa</subfield><subfield code="p">32101056465675</subfield><subfield code="t">1</subfield><subfield code="a">23519575840006421</subfield><subfield code="3">no.17-18 2004</subfield><subfield code="d">2005-10-13 20:00:00 US/Eastern</subfield><subfield code="q">2005-10-14 06:59:00 US/Eastern</subfield><subfield code="y">recap</subfield></datafield><datafield tag="876" ind1=" " ind2=" "><subfield code="0">22519576130006421</subfield><subfield code="j">1</subfield><subfield code="z">pa</subfield><subfield code="p">32101050178787</subfield><subfield code="t">1</subfield><subfield code="a">23519576080006421</subfield><subfield code="3">no.11-12 2003</subfield><subfield code="d">2004-05-12 20:00:00 US/Eastern</subfield><subfield code="q">2004-05-13 06:59:00 US/Eastern</subfield><subfield code="y">recap</subfield></datafield><datafield tag="876" ind1=" " ind2=" "><subfield code="0">22519576130006421</subfield><subfield code="j">1</subfield><subfield code="z">pa</subfield><subfield code="p">32101060514534</subfield><subfield code="t">1</subfield><subfield code="a">23519575830006421</subfield><subfield code="3">no.41-42 2006</subfield><subfield code="d">2007-02-27 19:00:00 US/Eastern</subfield><subfield code="q">2007-02-28 05:59:00 US/Eastern</subfield><subfield code="y">recap</subfield></datafield><datafield tag="876" ind1=" " ind2=" "><subfield code="0">22519576130006421</subfield><subfield code="j">1</subfield><subfield code="z">pa</subfield><subfield code="p">32101056465667</subfield><subfield code="t">1</subfield><subfield code="a">23519575850006421</subfield><subfield code="3">no.27-28 2005</subfield><subfield code="d">2005-10-13 20:00:00 US/Eastern</subfield><subfield code="q">2005-10-14 06:59:00 US/Eastern</subfield><subfield code="y">recap</subfield></datafield><datafield tag="876" ind1=" " ind2=" "><subfield code="0">22519576130006421</subfield><subfield code="j">1</subfield><subfield code="z">pa</subfield><subfield code="p">32101050178779</subfield><subfield code="t">1</subfield><subfield code="a">23519576070006421</subfield><subfield code="3">no.13-14 2004</subfield><subfield code="d">2004-05-12 20:00:00 US/Eastern</subfield><subfield code="q">2004-05-13 06:59:00 US/Eastern</subfield><subfield code="y">recap</subfield></datafield><datafield tag="876" ind1=" " ind2=" "><subfield code="0">22519576130006421</subfield><subfield code="j">1</subfield><subfield code="z">pa</subfield><subfield code="p">32101050165941</subfield><subfield code="t">1</subfield><subfield code="a">23519576090006421</subfield><subfield code="3">no.7-8 2003</subfield><subfield code="d">2003-12-28 19:00:00 US/Eastern</subfield><subfield code="q">2003-12-29 05:59:00 US/Eastern</subfield><subfield code="y">recap</subfield></datafield><datafield tag="876" ind1=" " ind2=" "><subfield code="0">22519576130006421</subfield><subfield code="j">1</subfield><subfield code="z">pa</subfield><subfield code="p">32101063687618</subfield><subfield code="t">1</subfield><subfield code="a">23519575800006421</subfield><subfield code="3">Suppl. 2006</subfield><subfield code="d">2008-08-05 20:00:00 US/Eastern</subfield><subfield code="q">2008-08-06 06:59:00 US/Eastern</subfield><subfield code="y">recap</subfield></datafield><datafield tag="876" ind1=" " ind2=" "><subfield code="0">22519576130006421</subfield><subfield code="j">1</subfield><subfield code="z">pa</subfield><subfield code="p">32101063687600</subfield><subfield code="t">1</subfield><subfield code="a">23519575810006421</subfield><subfield code="3">no.49-50 2007</subfield><subfield code="d">2008-08-05 20:00:00 US/Eastern</subfield><subfield code="q">2008-08-06 06:59:00 US/Eastern</subfield><subfield code="y">recap</subfield></datafield><datafield tag="876" ind1=" " ind2=" "><subfield code="0">22519576130006421</subfield><subfield code="j">1</subfield><subfield code="z">pa</subfield><subfield code="p">32101049818204</subfield><subfield code="t">1</subfield><subfield code="a">23519576060006421</subfield><subfield code="3">no.15-16 2004</subfield><subfield code="d">2004-08-11 20:00:00 US/Eastern</subfield><subfield code="q">2004-08-12 06:59:00 US/Eastern</subfield><subfield code="y">recap</subfield></datafield><datafield tag="876" ind1=" " ind2=" "><subfield code="0">22519576130006421</subfield><subfield code="j">1</subfield><subfield code="z">pa</subfield><subfield code="p">32101078225347</subfield><subfield code="t">1</subfield><subfield code="a">23519576770006421</subfield><subfield code="3">no.91-92 2010</subfield><subfield code="d">2011-02-10 19:00:00 US/Eastern</subfield><subfield code="q">2011-02-11 13:21:46 US/Eastern</subfield><subfield code="y">recap</subfield></datafield><datafield tag="876" ind1=" " ind2=" "><subfield code="0">22519576850006421</subfield><subfield code="j">1</subfield><subfield code="z">cjk</subfield><subfield code="p">32101077667135</subfield><subfield code="t">1</subfield><subfield code="a">23519576750006421</subfield><subfield code="3">no.97-98 2011</subfield><subfield code="d">2011-07-24 20:00:00 US/Eastern</subfield><subfield code="q">2011-07-25 06:59:00 US/Eastern</subfield><subfield code="y">eastasian</subfield></datafield><datafield tag="876" ind1=" " ind2=" "><subfield code="0">22519576850006421</subfield><subfield code="j">1</subfield><subfield code="z">cjk</subfield><subfield code="p">32101110515861</subfield><subfield code="a">23928771990006421</subfield><subfield code="3">2020 no. 7-8 </subfield><subfield code="d">2022-05-16 15:12:43 US/Eastern</subfield><subfield code="q">2022-05-16 15:13:05 US/Eastern</subfield><subfield code="y">eastasian</subfield></datafield><datafield tag="876" ind1=" " ind2=" "><subfield code="0">22519576130006421</subfield><subfield code="j">1</subfield><subfield code="z">pa</subfield><subfield code="p">32101075964351</subfield><subfield code="t">1</subfield><subfield code="a">23519576790006421</subfield><subfield code="3">no.83-84 2009</subfield><subfield code="d">2010-07-27 20:00:00 US/Eastern</subfield><subfield code="q">2010-07-28 13:23:41 US/Eastern</subfield><subfield code="y">recap</subfield></datafield><datafield tag="876" ind1=" " ind2=" "><subfield code="0">22519576850006421</subfield><subfield code="j">1</subfield><subfield code="z">cjk</subfield><subfield code="p">32101093196754</subfield><subfield code="t">1</subfield><subfield code="a">23519576710006421</subfield><subfield code="3">no.117-118 2012</subfield><subfield code="d">2014-02-23 19:00:00 US/Eastern</subfield><subfield code="q">2014-02-24 05:59:00 US/Eastern</subfield><subfield code="y">eastasian</subfield></datafield><datafield tag="876" ind1=" " ind2=" "><subfield code="0">22519576850006421</subfield><subfield code="j">1</subfield><subfield code="z">cjk</subfield><subfield code="p">32101082097286</subfield><subfield code="t">1</subfield><subfield code="a">23519576730006421</subfield><subfield code="3">no.115-116 2012</subfield><subfield code="d">2013-02-10 19:00:00 US/Eastern</subfield><subfield code="q">2013-02-11 05:59:00 US/Eastern</subfield><subfield code="y">eastasian</subfield></datafield><datafield tag="876" ind1=" " ind2=" "><subfield code="0">22519576850006421</subfield><subfield code="j">1</subfield><subfield code="z">cjk</subfield><subfield code="p">32101114085994</subfield><subfield code="a">23998180670006421</subfield><subfield code="3">2022 no. 7-8 </subfield><subfield code="d">2023-11-06 13:13:35 US/Eastern</subfield><subfield code="q">2023-11-06 13:13:47 US/Eastern</subfield><subfield code="y">eastasian</subfield></datafield><datafield tag="876" ind1=" " ind2=" "><subfield code="0">22519576850006421</subfield><subfield code="j">1</subfield><subfield code="z">cjk</subfield><subfield code="p">32101114086018</subfield><subfield code="a">23998180690006421</subfield><subfield code="3">2022 no. 3-4 </subfield><subfield code="d">2023-11-06 13:11:52 US/Eastern</subfield><subfield code="q">2023-11-06 13:12:18 US/Eastern</subfield><subfield code="y">eastasian</subfield></datafield><datafield tag="876" ind1=" " ind2=" "><subfield code="0">22519576130006421</subfield><subfield code="j">1</subfield><subfield code="z">pa</subfield><subfield code="p">32101075346617</subfield><subfield code="t">1</subfield><subfield code="a">23519576800006421</subfield><subfield code="3">no.79-80 2009</subfield><subfield code="d">2010-07-27 20:00:00 US/Eastern</subfield><subfield code="q">2010-07-28 13:24:45 US/Eastern</subfield><subfield code="y">recap</subfield></datafield><datafield tag="876" ind1=" " ind2=" "><subfield code="0">22519576130006421</subfield><subfield code="j">1</subfield><subfield code="z">pa</subfield><subfield code="p">32101072397399</subfield><subfield code="t">1</subfield><subfield code="a">23519576820006421</subfield><subfield code="3">no.75-76 2009</subfield><subfield code="d">2009-10-27 20:00:00 US/Eastern</subfield><subfield code="q">2009-10-28 13:25:27 US/Eastern</subfield><subfield code="y">recap</subfield></datafield><datafield tag="876" ind1=" " ind2=" "><subfield code="0">22519576850006421</subfield><subfield code="j">1</subfield><subfield code="z">cjk</subfield><subfield code="p">32101080400482</subfield><subfield code="t">1</subfield><subfield code="a">23519576440006421</subfield><subfield code="3">no.143-144 2014</subfield><subfield code="d">2015-03-16 20:00:00 US/Eastern</subfield><subfield code="q">2015-03-17 06:59:00 US/Eastern</subfield><subfield code="y">eastasian</subfield></datafield><datafield tag="876" ind1=" " ind2=" "><subfield code="0">22519576850006421</subfield><subfield code="j">1</subfield><subfield code="z">cjk</subfield><subfield code="p">32101099680363</subfield><subfield code="t">1</subfield><subfield code="a">23519576370006421</subfield><subfield code="3">no.157-158 2016</subfield><subfield code="d">2016-05-25 20:00:00 US/Eastern</subfield><subfield code="q">2016-05-26 06:59:00 US/Eastern</subfield><subfield code="y">eastasian</subfield></datafield><datafield tag="876" ind1=" " ind2=" "><subfield code="0">22519576850006421</subfield><subfield code="j">1</subfield><subfield code="z">cjk</subfield><subfield code="p">32101086737978</subfield><subfield code="t">1</subfield><subfield code="a">23519576420006421</subfield><subfield code="3">no.153-154 2015</subfield><subfield code="d">2015-11-10 19:00:00 US/Eastern</subfield><subfield code="q">2015-11-11 05:59:00 US/Eastern</subfield><subfield code="y">eastasian</subfield></datafield><datafield tag="876" ind1=" " ind2=" "><subfield code="0">22519576850006421</subfield><subfield code="j">1</subfield><subfield code="z">cjk</subfield><subfield code="p">32101097830655</subfield><subfield code="t">1</subfield><subfield code="a">23519576330006421</subfield><subfield code="3">no.163-164 2016</subfield><subfield code="d">2018-09-17 20:00:00 US/Eastern</subfield><subfield code="q">2018-09-18 06:59:00 US/Eastern</subfield><subfield code="y">eastasian</subfield></datafield><datafield tag="876" ind1=" " ind2=" "><subfield code="0">22519576850006421</subfield><subfield code="j">1</subfield><subfield code="z">cjk</subfield><subfield code="p">32101095360655</subfield><subfield code="t">1</subfield><subfield code="a">23519576400006421</subfield><subfield code="3">no.155-156 2015</subfield><subfield code="d">2016-01-13 19:00:00 US/Eastern</subfield><subfield code="q">2016-01-14 05:59:00 US/Eastern</subfield><subfield code="y">eastasian</subfield></datafield><datafield tag="876" ind1=" " ind2=" "><subfield code="0">22519576850006421</subfield><subfield code="j">1</subfield><subfield code="z">cjk</subfield><subfield code="p">32101081187476</subfield><subfield code="t">1</subfield><subfield code="a">23519576460006421</subfield><subfield code="3">no.135-136 2014</subfield><subfield code="d">2014-10-01 20:00:00 US/Eastern</subfield><subfield code="q">2014-10-02 06:59:00 US/Eastern</subfield><subfield code="y">eastasian</subfield></datafield><datafield tag="876" ind1=" " ind2=" "><subfield code="0">22519576850006421</subfield><subfield code="j">1</subfield><subfield code="z">cjk</subfield><subfield code="p">32101081187484</subfield><subfield code="t">1</subfield><subfield code="a">23519576480006421</subfield><subfield code="3">no.132 2013</subfield><subfield code="d">2014-10-01 20:00:00 US/Eastern</subfield><subfield code="q">2014-10-02 06:59:00 US/Eastern</subfield><subfield code="y">eastasian</subfield></datafield><datafield tag="876" ind1=" " ind2=" "><subfield code="0">22519576130006421</subfield><subfield code="j">1</subfield><subfield code="z">pa</subfield><subfield code="p">32101050111085</subfield><subfield code="t">1</subfield><subfield code="a">23519576100006421</subfield><subfield code="3">no.5-6 2003</subfield><subfield code="d">2003-10-15 20:00:00 US/Eastern</subfield><subfield code="q">2003-10-16 06:59:00 US/Eastern</subfield><subfield code="y">recap</subfield></datafield><datafield tag="876" ind1=" " ind2=" "><subfield code="0">22519576850006421</subfield><subfield code="j">1</subfield><subfield code="z">cjk</subfield><subfield code="p">32101114086067</subfield><subfield code="a">23913004350006421</subfield><subfield code="3">2021 no. 5-6 </subfield><subfield code="d">2022-01-31 11:55:11 US/Eastern</subfield><subfield code="q">2023-11-06 13:07:29 US/Eastern</subfield><subfield code="y">eastasian</subfield></datafield><datafield tag="876" ind1=" " ind2=" "><subfield code="0">22519576850006421</subfield><subfield code="j">1</subfield><subfield code="z">cjk</subfield><subfield code="p">32101114065475</subfield><subfield code="a">231097019810006421</subfield><subfield code="3">2024 no. 7-8 </subfield><subfield code="d">2026-01-06 09:09:41 US/Eastern</subfield><subfield code="q">2026-01-06 09:10:36 US/Eastern</subfield><subfield code="y">eastasian</subfield></datafield><datafield tag="876" ind1=" " ind2=" "><subfield code="0">22519576850006421</subfield><subfield code="j">1</subfield><subfield code="z">cjk</subfield><subfield code="p">32101097830671</subfield><subfield code="t">1</subfield><subfield code="a">23519576310006421</subfield><subfield code="3">no.167-168 (2016)</subfield><subfield code="d">2018-09-17 20:00:00 US/Eastern</subfield><subfield code="q">2018-09-18 15:00:03 US/Eastern</subfield><subfield code="y">eastasian</subfield></datafield><datafield tag="876" ind1=" " ind2=" "><subfield code="0">22519576850006421</subfield><subfield code="j">1</subfield><subfield code="z">cjk</subfield><subfield code="p">32101097830663</subfield><subfield code="t">1</subfield><subfield code="a">23519576320006421</subfield><subfield code="3">no.165-166 (2016)</subfield><subfield code="d">2018-09-17 20:00:00 US/Eastern</subfield><subfield code="q">2018-09-18 15:00:44 US/Eastern</subfield><subfield code="y">eastasian</subfield></datafield><datafield tag="876" ind1=" " ind2=" "><subfield code="0">22519576850006421</subfield><subfield code="j">1</subfield><subfield code="z">cjk</subfield><subfield code="p">32101109564383</subfield><subfield code="t">1</subfield><subfield code="a">23519576140006421</subfield><subfield code="3">2011 suppl.</subfield><subfield code="d">2020-01-15 19:00:00 US/Eastern</subfield><subfield code="q">2020-01-16 05:59:00 US/Eastern</subfield><subfield code="y">eastasian</subfield></datafield><datafield tag="876" ind1=" " ind2=" "><subfield code="0">22519576130006421</subfield><subfield code="j">1</subfield><subfield code="z">pa</subfield><subfield code="p">32101050169000</subfield><subfield code="t">1</subfield><subfield code="a">23519575960006421</subfield><subfield code="3">no.9-10 2003</subfield><subfield code="d">2004-01-15 19:00:00 US/Eastern</subfield><subfield code="q">2004-01-16 05:59:00 US/Eastern</subfield><subfield code="y">recap</subfield></datafield><datafield tag="876" ind1=" " ind2=" "><subfield code="0">22519576130006421</subfield><subfield code="j">1</subfield><subfield code="z">pa</subfield><subfield code="p">32101056472853</subfield><subfield code="t">1</subfield><subfield code="a">23519575920006421</subfield><subfield code="3">no.33-34 2005</subfield><subfield code="d">2006-04-24 20:00:00 US/Eastern</subfield><subfield code="q">2006-04-25 06:59:00 US/Eastern</subfield><subfield code="y">recap</subfield></datafield><datafield tag="876" ind1=" " ind2=" "><subfield code="0">22519576130006421</subfield><subfield code="j">1</subfield><subfield code="z">pa</subfield><subfield code="p">32101056639493</subfield><subfield code="t">1</subfield><subfield code="a">23519575930006421</subfield><subfield code="3">no.31-32 2005</subfield><subfield code="d">2006-02-16 19:00:00 US/Eastern</subfield><subfield code="q">2006-02-17 05:59:00 US/Eastern</subfield><subfield code="y">recap</subfield></datafield><datafield tag="876" ind1=" " ind2=" "><subfield code="0">22519576850006421</subfield><subfield code="j">1</subfield><subfield code="z">cjk</subfield><subfield code="p">32101110515911</subfield><subfield code="a">23928772090006421</subfield><subfield code="3">no. 201-202 (2019)</subfield><subfield code="d">2022-05-16 15:05:05 US/Eastern</subfield><subfield code="q">2022-05-16 15:06:13 US/Eastern</subfield><subfield code="y">eastasian</subfield></datafield><datafield tag="876" ind1=" " ind2=" "><subfield code="0">22519576130006421</subfield><subfield code="j">1</subfield><subfield code="z">pa</subfield><subfield code="p">32101066003284</subfield><subfield code="t">1</subfield><subfield code="a">23519575740006421</subfield><subfield code="3">no.61-62 2008</subfield><subfield code="d">2008-10-26 20:00:00 US/Eastern</subfield><subfield code="q">2008-10-27 06:59:00 US/Eastern</subfield><subfield code="y">recap</subfield></datafield><datafield tag="876" ind1=" " ind2=" "><subfield code="0">22519576130006421</subfield><subfield code="j">1</subfield><subfield code="z">pa</subfield><subfield code="p">32101063687667</subfield><subfield code="t">1</subfield><subfield code="a">23519575750006421</subfield><subfield code="3">no.59-60 2007</subfield><subfield code="d">2008-08-05 20:00:00 US/Eastern</subfield><subfield code="q">2008-08-06 06:59:00 US/Eastern</subfield><subfield code="y">recap</subfield></datafield><datafield tag="876" ind1=" " ind2=" "><subfield code="0">22519576850006421</subfield><subfield code="j">1</subfield><subfield code="z">cjk</subfield><subfield code="p">32101109560571</subfield><subfield code="t">1</subfield><subfield code="a">23519576170006421</subfield><subfield code="3">no.195-196 (2019)</subfield><subfield code="d">2019-12-10 19:00:00 US/Eastern</subfield><subfield code="q">2019-12-11 14:58:51 US/Eastern</subfield><subfield code="y">eastasian</subfield></datafield><datafield tag="876" ind1=" " ind2=" "><subfield code="0">22519576850006421</subfield><subfield code="j">1</subfield><subfield code="z">cjk</subfield><subfield code="p">32101109560589</subfield><subfield code="t">1</subfield><subfield code="a">23519576180006421</subfield><subfield code="3">no.193-194 (2019)</subfield><subfield code="d">2019-12-10 19:00:00 US/Eastern</subfield><subfield code="q">2019-12-11 14:59:01 US/Eastern</subfield><subfield code="y">eastasian</subfield></datafield><datafield tag="876" ind1=" " ind2=" "><subfield code="0">22519576850006421</subfield><subfield code="j">1</subfield><subfield code="z">cjk</subfield><subfield code="p">32101115480780</subfield><subfield code="a">231007321460006421</subfield><subfield code="3">2022 no. 11-12 </subfield><subfield code="d">2024-02-06 09:52:38 US/Eastern</subfield><subfield code="q">2024-02-06 09:53:03 US/Eastern</subfield><subfield code="y">eastasian</subfield></datafield><datafield tag="876" ind1=" " ind2=" "><subfield code="0">22519576130006421</subfield><subfield code="j">1</subfield><subfield code="z">pa</subfield><subfield code="p">32101063687634</subfield><subfield code="t">1</subfield><subfield code="a">23519575780006421</subfield><subfield code="3">no.53-54 2007</subfield><subfield code="d">2008-08-05 20:00:00 US/Eastern</subfield><subfield code="q">2008-08-06 06:59:00 US/Eastern</subfield><subfield code="y">recap</subfield></datafield><datafield tag="876" ind1=" " ind2=" "><subfield code="0">22519576130006421</subfield><subfield code="j">1</subfield><subfield code="z">pa</subfield><subfield code="p">32101063687626</subfield><subfield code="t">1</subfield><subfield code="a">23519575790006421</subfield><subfield code="3">no.51-52 2007</subfield><subfield code="d">2008-08-05 20:00:00 US/Eastern</subfield><subfield code="q">2008-08-06 06:59:00 US/Eastern</subfield><subfield code="y">recap</subfield></datafield><datafield tag="876" ind1=" " ind2=" "><subfield code="0">22519576130006421</subfield><subfield code="j">1</subfield><subfield code="z">pa</subfield><subfield code="p">32101077667127</subfield><subfield code="t">1</subfield><subfield code="a">23519576760006421</subfield><subfield code="3">no.93-94 2010</subfield><subfield code="d">2011-07-24 20:00:00 US/Eastern</subfield><subfield code="q">2011-07-25 13:22:27 US/Eastern</subfield><subfield code="y">recap</subfield></datafield><datafield tag="876" ind1=" " ind2=" "><subfield code="0">22519576850006421</subfield><subfield code="j">1</subfield><subfield code="z">cjk</subfield><subfield code="p">32101086668207</subfield><subfield code="t">1</subfield><subfield code="a">23519576650006421</subfield><subfield code="3">no.139-140 (2014)</subfield><subfield code="d">2014-11-10 19:00:00 US/Eastern</subfield><subfield code="q">2014-11-11 15:01:21 US/Eastern</subfield><subfield code="y">eastasian</subfield></datafield><datafield tag="876" ind1=" " ind2=" "><subfield code="0">22519576850006421</subfield><subfield code="j">1</subfield><subfield code="z">cjk</subfield><subfield code="p">32101093196770</subfield><subfield code="t">1</subfield><subfield code="a">23519576690006421</subfield><subfield code="3">no.121-122 2013</subfield><subfield code="d">2014-02-23 19:00:00 US/Eastern</subfield><subfield code="q">2014-02-24 05:59:00 US/Eastern</subfield><subfield code="y">eastasian</subfield></datafield><datafield tag="876" ind1=" " ind2=" "><subfield code="0">22519576850006421</subfield><subfield code="j">1</subfield><subfield code="z">cjk</subfield><subfield code="p">32101110515853</subfield><subfield code="a">23928771980006421</subfield><subfield code="3">2020 no. 9-10 </subfield><subfield code="d">2022-01-09 19:00:00 US/Eastern</subfield><subfield code="q">2022-05-16 15:14:03 US/Eastern</subfield><subfield code="y">eastasian</subfield></datafield><datafield tag="876" ind1=" " ind2=" "><subfield code="0">22519576850006421</subfield><subfield code="j">1</subfield><subfield code="z">cjk</subfield><subfield code="p">32101090108604</subfield><subfield code="t">1</subfield><subfield code="a">23519576720006421</subfield><subfield code="3">no.123-124 2013</subfield><subfield code="d">2013-09-08 20:00:00 US/Eastern</subfield><subfield code="q">2013-09-09 06:59:00 US/Eastern</subfield><subfield code="y">eastasian</subfield></datafield><datafield tag="876" ind1=" " ind2=" "><subfield code="0">22519576130006421</subfield><subfield code="j">1</subfield><subfield code="z">pa</subfield><subfield code="p">32101072397381</subfield><subfield code="t">1</subfield><subfield code="a">23519576830006421</subfield><subfield code="3">no.73-74 2009</subfield><subfield code="d">2009-10-27 20:00:00 US/Eastern</subfield><subfield code="q">2009-10-28 13:25:05 US/Eastern</subfield><subfield code="y">recap</subfield></datafield><datafield tag="876" ind1=" " ind2=" "><subfield code="0">22519576850006421</subfield><subfield code="j">1</subfield><subfield code="z">cjk</subfield><subfield code="p">32101097830697</subfield><subfield code="t">1</subfield><subfield code="a">23519576290006421</subfield><subfield code="3">no.171-172 2017</subfield><subfield code="d">2018-09-17 20:00:00 US/Eastern</subfield><subfield code="q">2018-09-18 06:59:00 US/Eastern</subfield><subfield code="y">eastasian</subfield></datafield><datafield tag="876" ind1=" " ind2=" "><subfield code="0">22519576850006421</subfield><subfield code="j">1</subfield><subfield code="z">cjk</subfield><subfield code="p">32101110515903</subfield><subfield code="a">23928772080006421</subfield><subfield code="3">no. 203-204 (2019)</subfield><subfield code="d">2022-05-16 15:06:36 US/Eastern</subfield><subfield code="q">2022-05-16 15:07:01 US/Eastern</subfield><subfield code="y">eastasian</subfield></datafield><datafield tag="876" ind1=" " ind2=" "><subfield code="0">22519576850006421</subfield><subfield code="j">1</subfield><subfield code="z">cjk</subfield><subfield code="p">32101110515879</subfield><subfield code="a">23928772040006421</subfield><subfield code="3">2020 no. 5-6 </subfield><subfield code="d">2022-01-09 19:00:00 US/Eastern</subfield><subfield code="q">2022-05-16 15:11:47 US/Eastern</subfield><subfield code="y">eastasian</subfield></datafield><datafield tag="876" ind1=" " ind2=" "><subfield code="0">22519576850006421</subfield><subfield code="j">1</subfield><subfield code="z">cjk</subfield><subfield code="p">32101114086059</subfield><subfield code="a">23998180730006421</subfield><subfield code="3">2021 no. 7-8 </subfield><subfield code="d">2023-11-06 13:08:00 US/Eastern</subfield><subfield code="q">2023-11-06 13:08:16 US/Eastern</subfield><subfield code="y">eastasian</subfield></datafield><datafield tag="876" ind1=" " ind2=" "><subfield code="0">22519576130006421</subfield><subfield code="j">1</subfield><subfield code="z">pa</subfield><subfield code="p">32101077674438</subfield><subfield code="t">1</subfield><subfield code="a">23519576610006421</subfield><subfield code="3">no.95-96 2010</subfield><subfield code="d">2011-08-11 20:00:00 US/Eastern</subfield><subfield code="q">2011-08-12 13:23:58 US/Eastern</subfield><subfield code="y">recap</subfield></datafield><datafield tag="876" ind1=" " ind2=" "><subfield code="0">22519576850006421</subfield><subfield code="j">0</subfield><subfield code="x">WORK_ORDER_DEPARTMENT</subfield><subfield code="z">cjk</subfield><subfield code="p">32101114066499</subfield><subfield code="a">231103765810006421</subfield><subfield code="3">2025 no. 3-4 </subfield><subfield code="d">2026-02-17 14:04:03 US/Eastern</subfield><subfield code="q">2026-02-17 14:04:12 US/Eastern</subfield><subfield code="y">eastasian</subfield></datafield><datafield tag="876" ind1=" " ind2=" "><subfield code="0">22519576850006421</subfield><subfield code="j">1</subfield><subfield code="z">cjk</subfield><subfield code="p">32101086730437</subfield><subfield code="t">1</subfield><subfield code="a">23519576430006421</subfield><subfield code="3">no.149-150 2015</subfield><subfield code="d">2015-08-17 20:00:00 US/Eastern</subfield><subfield code="q">2015-08-18 06:59:00 US/Eastern</subfield><subfield code="y">eastasian</subfield></datafield><datafield tag="876" ind1=" " ind2=" "><subfield code="0">22519576850006421</subfield><subfield code="j">1</subfield><subfield code="z">cjk</subfield><subfield code="p">32101114065467</subfield><subfield code="a">231097019790006421</subfield><subfield code="3">2024 no. 11-12 </subfield><subfield code="d">2026-01-06 09:15:27 US/Eastern</subfield><subfield code="q">2026-01-06 09:15:39 US/Eastern</subfield><subfield code="y">eastasian</subfield></datafield><datafield tag="876" ind1=" " ind2=" "><subfield code="0">22519576850006421</subfield><subfield code="j">1</subfield><subfield code="z">cjk</subfield><subfield code="p">32101097830770</subfield><subfield code="t">1</subfield><subfield code="a">23519576360006421</subfield><subfield code="3">no.159-160 (2016)</subfield><subfield code="d">2018-09-16 20:00:00 US/Eastern</subfield><subfield code="q">2018-09-17 15:00:59 US/Eastern</subfield><subfield code="y">eastasian</subfield></datafield><datafield tag="876" ind1=" " ind2=" "><subfield code="0">22519576850006421</subfield><subfield code="j">1</subfield><subfield code="z">cjk</subfield><subfield code="p">32101115423079</subfield><subfield code="a">231018749770006421</subfield><subfield code="3">2023 no. 11-12 </subfield><subfield code="d">2024-05-09 13:49:35 US/Eastern</subfield><subfield code="q">2024-07-26 12:15:45 US/Eastern</subfield><subfield code="y">eastasian</subfield></datafield><datafield tag="876" ind1=" " ind2=" "><subfield code="0">22519576850006421</subfield><subfield code="j">1</subfield><subfield code="z">cjk</subfield><subfield code="p">32101115429290</subfield><subfield code="a">231038011630006421</subfield><subfield code="3">2024 no. 5-6 </subfield><subfield code="d">2024-12-19 15:01:47 US/Eastern</subfield><subfield code="q">2024-12-19 15:02:26 US/Eastern</subfield><subfield code="y">eastasian</subfield></datafield><datafield tag="876" ind1=" " ind2=" "><subfield code="0">22519576850006421</subfield><subfield code="j">1</subfield><subfield code="z">cjk</subfield><subfield code="p">32101081187534</subfield><subfield code="t">1</subfield><subfield code="a">23519576470006421</subfield><subfield code="3">no.133-134 2014</subfield><subfield code="d">2014-10-01 20:00:00 US/Eastern</subfield><subfield code="q">2014-10-02 06:59:00 US/Eastern</subfield><subfield code="y">eastasian</subfield></datafield><datafield tag="876" ind1=" " ind2=" "><subfield code="0">22519576850006421</subfield><subfield code="j">1</subfield><subfield code="z">cjk</subfield><subfield code="p">32101086207592</subfield><subfield code="t">1</subfield><subfield code="a">23519576540006421</subfield><subfield code="3">no.105 2011</subfield><subfield code="d">2012-03-13 20:00:00 US/Eastern</subfield><subfield code="q">2012-03-14 06:59:00 US/Eastern</subfield><subfield code="y">eastasian</subfield></datafield><datafield tag="876" ind1=" " ind2=" "><subfield code="0">22519576130006421</subfield><subfield code="j">1</subfield><subfield code="z">pa</subfield><subfield code="p">32101078980537</subfield><subfield code="t">1</subfield><subfield code="a">23519576580006421</subfield><subfield code="3">no.87-88 2010</subfield><subfield code="d">2010-11-17 19:00:00 US/Eastern</subfield><subfield code="q">2010-11-18 13:21:10 US/Eastern</subfield><subfield code="y">recap</subfield></datafield><datafield tag="876" ind1=" " ind2=" "><subfield code="0">22519576850006421</subfield><subfield code="j">1</subfield><subfield code="z">cjk</subfield><subfield code="p">32101086033683</subfield><subfield code="t">1</subfield><subfield code="a">23519576500006421</subfield><subfield code="3">no.111-112 2012</subfield><subfield code="d">2012-08-30 20:00:00 US/Eastern</subfield><subfield code="q">2012-08-31 06:59:00 US/Eastern</subfield><subfield code="y">eastasian</subfield></datafield><datafield tag="876" ind1=" " ind2=" "><subfield code="0">22519576850006421</subfield><subfield code="j">1</subfield><subfield code="z">cjk</subfield><subfield code="p">32101115488825</subfield><subfield code="a">231018749820006421</subfield><subfield code="3">2023 no. 5-6 </subfield><subfield code="d">2024-05-09 13:40:45 US/Eastern</subfield><subfield code="q">2024-05-09 13:42:29 US/Eastern</subfield><subfield code="y">eastasian</subfield></datafield><datafield tag="876" ind1=" " ind2=" "><subfield code="0">22519576850006421</subfield><subfield code="j">1</subfield><subfield code="z">cjk</subfield><subfield code="p">32101115429217</subfield><subfield code="a">231038011650006421</subfield><subfield code="3">2024 no. 1-2 </subfield><subfield code="d">2024-12-19 14:53:51 US/Eastern</subfield><subfield code="q">2024-12-19 14:54:04 US/Eastern</subfield><subfield code="y">eastasian</subfield></datafield><datafield tag="876" ind1=" " ind2=" "><subfield code="0">22519576850006421</subfield><subfield code="j">1</subfield><subfield code="z">cjk</subfield><subfield code="p">32101097830754</subfield><subfield code="t">1</subfield><subfield code="a">23519576230006421</subfield><subfield code="3">no.183-184 2018</subfield><subfield code="d">2018-09-17 20:00:00 US/Eastern</subfield><subfield code="q">2018-09-18 06:59:00 US/Eastern</subfield><subfield code="y">eastasian</subfield></datafield><datafield tag="876" ind1=" " ind2=" "><subfield code="0">22519576850006421</subfield><subfield code="j">1</subfield><subfield code="z">cjk</subfield><subfield code="a">231103765840006421</subfield><subfield code="3">2025 no. 7 </subfield><subfield code="d">2026-02-17 13:59:53 US/Eastern</subfield><subfield code="q">2026-01-06 14:00:22 US/Eastern</subfield><subfield code="y">eastasian</subfield></datafield><datafield tag="876" ind1=" " ind2=" "><subfield code="0">22519576850006421</subfield><subfield code="j">1</subfield><subfield code="z">cjk</subfield><subfield code="p">32101097835779</subfield><subfield code="t">1</subfield><subfield code="a">23519576250006421</subfield><subfield code="3">no.179-180 2017</subfield><subfield code="d">2018-09-17 20:00:00 US/Eastern</subfield><subfield code="q">2018-09-18 06:59:00 US/Eastern</subfield><subfield code="y">eastasian</subfield></datafield><datafield tag="876" ind1=" " ind2=" "><subfield code="0">22519576850006421</subfield><subfield code="j">1</subfield><subfield code="z">cjk</subfield><subfield code="p">32101097830762</subfield><subfield code="t">1</subfield><subfield code="a">23519576220006421</subfield><subfield code="3">no.185-186 2018</subfield><subfield code="d">2018-09-17 20:00:00 US/Eastern</subfield><subfield code="q">2018-09-18 06:59:00 US/Eastern</subfield><subfield code="y">eastasian</subfield></datafield><datafield tag="876" ind1=" " ind2=" "><subfield code="0">22519576850006421</subfield><subfield code="j">1</subfield><subfield code="z">cjk</subfield><subfield code="p">32101097830747</subfield><subfield code="t">1</subfield><subfield code="a">23519576240006421</subfield><subfield code="3">no.181-182 2018</subfield><subfield code="d">2018-09-17 20:00:00 US/Eastern</subfield><subfield code="q">2018-09-18 06:59:00 US/Eastern</subfield><subfield code="y">eastasian</subfield></datafield><datafield tag="876" ind1=" " ind2=" "><subfield code="0">22519576850006421</subfield><subfield code="j">1</subfield><subfield code="z">cjk</subfield><subfield code="p">32101097830721</subfield><subfield code="t">1</subfield><subfield code="a">23519576260006421</subfield><subfield code="3">no.177-178 2017</subfield><subfield code="d">2018-09-17 20:00:00 US/Eastern</subfield><subfield code="q">2018-09-18 06:59:00 US/Eastern</subfield><subfield code="y">eastasian</subfield></datafield><datafield tag="876" ind1=" " ind2=" "><subfield code="0">22519576850006421</subfield><subfield code="j">1</subfield><subfield code="z">cjk</subfield><subfield code="p">32101109560605</subfield><subfield code="t">1</subfield><subfield code="a">23519576200006421</subfield><subfield code="3">no.189-190 2018</subfield><subfield code="d">2019-12-10 19:00:00 US/Eastern</subfield><subfield code="q">2019-12-11 05:59:00 US/Eastern</subfield><subfield code="y">eastasian</subfield></datafield><datafield tag="876" ind1=" " ind2=" "><subfield code="0">22519576850006421</subfield><subfield code="j">1</subfield><subfield code="z">cjk</subfield><subfield code="p">32101109560613</subfield><subfield code="t">1</subfield><subfield code="a">23519576210006421</subfield><subfield code="3">no.187-188 2018</subfield><subfield code="d">2019-12-10 19:00:00 US/Eastern</subfield><subfield code="q">2019-12-11 05:59:00 US/Eastern</subfield><subfield code="y">eastasian</subfield></datafield><datafield tag="876" ind1=" " ind2=" "><subfield code="0">22519576850006421</subfield><subfield code="j">1</subfield><subfield code="z">cjk</subfield><subfield code="p">32101110515838</subfield><subfield code="a">23928771820006421</subfield><subfield code="3">2021 no. 3-4 </subfield><subfield code="d">2022-05-16 15:18:55 US/Eastern</subfield><subfield code="q">2022-05-16 15:19:30 US/Eastern</subfield><subfield code="y">eastasian</subfield></datafield><datafield tag="876" ind1=" " ind2=" "><subfield code="0">22519576850006421</subfield><subfield code="j">1</subfield><subfield code="z">cjk</subfield><subfield code="p">32101093196788</subfield><subfield code="t">1</subfield><subfield code="a">23519576680006421</subfield><subfield code="3">no.125-126 2013</subfield><subfield code="d">2014-02-23 19:00:00 US/Eastern</subfield><subfield code="q">2014-02-24 05:59:00 US/Eastern</subfield><subfield code="y">eastasian</subfield></datafield><datafield tag="876" ind1=" " ind2=" "><subfield code="0">22519576130006421</subfield><subfield code="j">1</subfield><subfield code="z">pa</subfield><subfield code="p">32101075961860</subfield><subfield code="t">1</subfield><subfield code="a">23519576590006421</subfield><subfield code="3">no.81-82 2009</subfield><subfield code="d">2010-07-08 20:00:00 US/Eastern</subfield><subfield code="q">2010-07-09 13:23:21 US/Eastern</subfield><subfield code="y">recap</subfield></datafield><datafield tag="876" ind1=" " ind2=" "><subfield code="0">22519576850006421</subfield><subfield code="j">1</subfield><subfield code="z">cjk</subfield><subfield code="p">32101093196804</subfield><subfield code="t">1</subfield><subfield code="a">23519576660006421</subfield><subfield code="3">no.129-130 2013</subfield><subfield code="d">2014-02-23 19:00:00 US/Eastern</subfield><subfield code="q">2014-02-24 05:59:00 US/Eastern</subfield><subfield code="y">eastasian</subfield></datafield><datafield tag="876" ind1=" " ind2=" "><subfield code="0">22519576850006421</subfield><subfield code="j">1</subfield><subfield code="z">cjk</subfield><subfield code="p">32101115480640</subfield><subfield code="a">231007321470006421</subfield><subfield code="3">2022 no. 9-10 </subfield><subfield code="d">2024-02-06 09:51:07 US/Eastern</subfield><subfield code="q">2024-02-06 09:51:24 US/Eastern</subfield><subfield code="y">eastasian</subfield></datafield><datafield tag="876" ind1=" " ind2=" "><subfield code="0">22519576850006421</subfield><subfield code="j">1</subfield><subfield code="z">cjk</subfield><subfield code="p">32101110515820</subfield><subfield code="a">23928771860006421</subfield><subfield code="3">2021 no. 1-2 </subfield><subfield code="d">2022-05-16 15:17:38 US/Eastern</subfield><subfield code="q">2022-05-16 15:18:11 US/Eastern</subfield><subfield code="y">eastasian</subfield></datafield><datafield tag="876" ind1=" " ind2=" "><subfield code="0">22519576850006421</subfield><subfield code="j">0</subfield><subfield code="x">WORK_ORDER_DEPARTMENT</subfield><subfield code="z">cjk</subfield><subfield code="p">32101114066481</subfield><subfield code="a">231103765800006421</subfield><subfield code="3">2025 no. 5-6 </subfield><subfield code="d">2026-02-17 14:05:56 US/Eastern</subfield><subfield code="q">2026-02-17 14:06:12 US/Eastern</subfield><subfield code="y">eastasian</subfield></datafield><datafield tag="876" ind1=" " ind2=" "><subfield code="0">22519576850006421</subfield><subfield code="j">1</subfield><subfield code="z">cjk</subfield><subfield code="p">32101097830705</subfield><subfield code="t">1</subfield><subfield code="a">23519576280006421</subfield><subfield code="3">no.173-174 (2017)</subfield><subfield code="d">2018-09-17 20:00:00 US/Eastern</subfield><subfield code="q">2018-09-18 14:59:46 US/Eastern</subfield><subfield code="y">eastasian</subfield></datafield><datafield tag="876" ind1=" " ind2=" "><subfield code="0">22519576850006421</subfield><subfield code="j">1</subfield><subfield code="z">cjk</subfield><subfield code="p">32101110515887</subfield><subfield code="a">23928772050006421</subfield><subfield code="3">2020 no. 3-4 </subfield><subfield code="d">2022-01-09 19:00:00 US/Eastern</subfield><subfield code="q">2022-05-16 15:10:36 US/Eastern</subfield><subfield code="y">eastasian</subfield></datafield><datafield tag="876" ind1=" " ind2=" "><subfield code="0">22519576850006421</subfield><subfield code="j">0</subfield><subfield code="x">WORK_ORDER_DEPARTMENT</subfield><subfield code="z">cjk</subfield><subfield code="p">32101114066507</subfield><subfield code="a">231103765820006421</subfield><subfield code="3">2025 no. 1-2 </subfield><subfield code="d">2026-02-17 14:02:06 US/Eastern</subfield><subfield code="q">2026-02-17 14:02:51 US/Eastern</subfield><subfield code="y">eastasian</subfield></datafield><datafield tag="876" ind1=" " ind2=" "><subfield code="0">22519576850006421</subfield><subfield code="j">1</subfield><subfield code="z">cjk</subfield><subfield code="p">32101077674446</subfield><subfield code="t">1</subfield><subfield code="a">23519576600006421</subfield><subfield code="3">no.99-100 2011</subfield><subfield code="d">2011-08-11 20:00:00 US/Eastern</subfield><subfield code="q">2011-08-12 06:59:00 US/Eastern</subfield><subfield code="y">eastasian</subfield></datafield><datafield tag="876" ind1=" " ind2=" "><subfield code="0">22519576850006421</subfield><subfield code="j">1</subfield><subfield code="z">cjk</subfield><subfield code="p">32101081426338</subfield><subfield code="t">1</subfield><subfield code="a">23519576620006421</subfield><subfield code="3">no.147-148 2015</subfield><subfield code="d">2015-06-21 20:00:00 US/Eastern</subfield><subfield code="q">2015-06-22 06:59:00 US/Eastern</subfield><subfield code="y">eastasian</subfield></datafield><datafield tag="876" ind1=" " ind2=" "><subfield code="0">22519576850006421</subfield><subfield code="j">1</subfield><subfield code="z">cjk</subfield><subfield code="p">32101115488916</subfield><subfield code="a">231018749780006421</subfield><subfield code="3">2023 no. 9-10 </subfield><subfield code="d">2024-05-09 13:44:44 US/Eastern</subfield><subfield code="q">2024-05-09 13:45:02 US/Eastern</subfield><subfield code="y">eastasian</subfield></datafield><datafield tag="876" ind1=" " ind2=" "><subfield code="0">22519576850006421</subfield><subfield code="j">1</subfield><subfield code="z">cjk</subfield><subfield code="p">32101086669288</subfield><subfield code="t">1</subfield><subfield code="a">23519576640006421</subfield><subfield code="3">no.141-142 (2014)</subfield><subfield code="d">2014-12-15 19:00:00 US/Eastern</subfield><subfield code="q">2014-12-16 15:01:37 US/Eastern</subfield><subfield code="y">eastasian</subfield></datafield><datafield tag="876" ind1=" " ind2=" "><subfield code="0">22519576850006421</subfield><subfield code="j">1</subfield><subfield code="z">cjk</subfield><subfield code="p">32101115488924</subfield><subfield code="a">231018749850006421</subfield><subfield code="3">2023 no. 3-4 </subfield><subfield code="d">2024-05-09 13:39:06 US/Eastern</subfield><subfield code="q">2024-05-09 13:44:15 US/Eastern</subfield><subfield code="y">eastasian</subfield></datafield><datafield tag="876" ind1=" " ind2=" "><subfield code="0">22519576850006421</subfield><subfield code="j">1</subfield><subfield code="z">cjk</subfield><subfield code="p">32101115429308</subfield><subfield code="a">231038011640006421</subfield><subfield code="3">2024 no. 3-4 </subfield><subfield code="d">2024-12-19 14:56:56 US/Eastern</subfield><subfield code="q">2024-12-19 14:57:18 US/Eastern</subfield><subfield code="y">eastasian</subfield></datafield><datafield tag="876" ind1=" " ind2=" "><subfield code="0">22519576130006421</subfield><subfield code="j">1</subfield><subfield code="z">pa</subfield><subfield code="p">32101077516449</subfield><subfield code="t">1</subfield><subfield code="a">23519576570006421</subfield><subfield code="3">no.89-90 2010</subfield><subfield code="d">2011-01-17 19:00:00 US/Eastern</subfield><subfield code="q">2011-01-18 13:21:27 US/Eastern</subfield><subfield code="y">recap</subfield></datafield><datafield tag="876" ind1=" " ind2=" "><subfield code="0">22519576850006421</subfield><subfield code="j">1</subfield><subfield code="z">cjk</subfield><subfield code="p">32101086033675</subfield><subfield code="t">1</subfield><subfield code="a">23519576510006421</subfield><subfield code="3">no.109-110 2011</subfield><subfield code="d">2012-08-30 20:00:00 US/Eastern</subfield><subfield code="q">2012-08-31 06:59:00 US/Eastern</subfield><subfield code="y">eastasian</subfield></datafield><datafield tag="876" ind1=" " ind2=" "><subfield code="0">22519576850006421</subfield><subfield code="j">1</subfield><subfield code="z">cjk</subfield><subfield code="p">32101086207600</subfield><subfield code="t">1</subfield><subfield code="a">23519576530006421</subfield><subfield code="3">no.106 2011</subfield><subfield code="d">2012-03-13 20:00:00 US/Eastern</subfield><subfield code="q">2012-03-14 06:59:00 US/Eastern</subfield><subfield code="y">eastasian</subfield></datafield><datafield tag="876" ind1=" " ind2=" "><subfield code="0">22519576850006421</subfield><subfield code="j">1</subfield><subfield code="z">cjk</subfield><subfield code="p">32101086207584</subfield><subfield code="t">1</subfield><subfield code="a">23519576550006421</subfield><subfield code="3">no.103-104 2011</subfield><subfield code="d">2012-03-13 20:00:00 US/Eastern</subfield><subfield code="q">2012-03-14 06:59:00 US/Eastern</subfield><subfield code="y">eastasian</subfield></datafield><datafield tag="876" ind1=" " ind2=" "><subfield code="0">22519576130006421</subfield><subfield code="j">1</subfield><subfield code="z">pa</subfield><subfield code="p">32101072397514</subfield><subfield code="t">1</subfield><subfield code="a">23519575980006421</subfield><subfield code="3">no.71-72 2008</subfield><subfield code="d">2009-10-27 20:00:00 US/Eastern</subfield><subfield code="q">2009-10-28 06:59:00 US/Eastern</subfield><subfield code="y">recap</subfield></datafield><datafield tag="876" ind1=" " ind2=" "><subfield code="0">22519576130006421</subfield><subfield code="j">1</subfield><subfield code="z">pa</subfield><subfield code="p">32101050111077</subfield><subfield code="t">1</subfield><subfield code="a">23519576110006421</subfield><subfield code="3">no.3-4 2003</subfield><subfield code="d">2003-10-15 20:00:00 US/Eastern</subfield><subfield code="q">2003-10-16 06:59:00 US/Eastern</subfield><subfield code="y">recap</subfield></datafield><datafield tag="876" ind1=" " ind2=" "><subfield code="0">22519576130006421</subfield><subfield code="j">1</subfield><subfield code="z">pa</subfield><subfield code="p">32101050111069</subfield><subfield code="t">1</subfield><subfield code="a">23519576120006421</subfield><subfield code="3">no.1-2 2003</subfield><subfield code="d">2003-10-15 20:00:00 US/Eastern</subfield><subfield code="q">2003-10-16 06:59:00 US/Eastern</subfield><subfield code="y">recap</subfield></datafield><datafield tag="876" ind1=" " ind2=" "><subfield code="0">22519576850006421</subfield><subfield code="j">1</subfield><subfield code="z">cjk</subfield><subfield code="p">32101114065459</subfield><subfield code="a">231097019800006421</subfield><subfield code="3">2024 no. 9-10 </subfield><subfield code="d">2026-01-06 09:14:01 US/Eastern</subfield><subfield code="q">2026-01-06 09:14:14 US/Eastern</subfield><subfield code="y">eastasian</subfield></datafield><datafield tag="876" ind1=" " ind2=" "><subfield code="0">22519576850006421</subfield><subfield code="j">1</subfield><subfield code="z">cjk</subfield><subfield code="p">32101097830689</subfield><subfield code="t">1</subfield><subfield code="a">23519576300006421</subfield><subfield code="3">no.169-170 2017</subfield><subfield code="d">2018-09-17 20:00:00 US/Eastern</subfield><subfield code="q">2018-09-18 06:59:00 US/Eastern</subfield><subfield code="y">eastasian</subfield></datafield><datafield tag="876" ind1=" " ind2=" "><subfield code="0">22519576130006421</subfield><subfield code="j">1</subfield><subfield code="z">pa</subfield><subfield code="p">32101056736372</subfield><subfield code="t">1</subfield><subfield code="a">23519575940006421</subfield><subfield code="3">no.23-24 2004</subfield><subfield code="d">2005-05-04 20:00:00 US/Eastern</subfield><subfield code="q">2005-05-05 06:59:00 US/Eastern</subfield><subfield code="y">recap</subfield></datafield><datafield tag="876" ind1=" " ind2=" "><subfield code="0">22519576850006421</subfield><subfield code="j">1</subfield><subfield code="z">cjk</subfield><subfield code="p">32101109560555</subfield><subfield code="t">1</subfield><subfield code="a">23519576150006421</subfield><subfield code="3">no.199-200 (2019)</subfield><subfield code="d">2019-12-10 19:00:00 US/Eastern</subfield><subfield code="q">2019-12-11 14:59:31 US/Eastern</subfield><subfield code="y">eastasian</subfield></datafield><datafield tag="876" ind1=" " ind2=" "><subfield code="0">22519576850006421</subfield><subfield code="j">1</subfield><subfield code="z">cjk</subfield><subfield code="p">32101109560563</subfield><subfield code="t">1</subfield><subfield code="a">23519576160006421</subfield><subfield code="3">no.197-198 (2019)</subfield><subfield code="d">2019-12-10 19:00:00 US/Eastern</subfield><subfield code="q">2019-12-11 14:59:16 US/Eastern</subfield><subfield code="y">eastasian</subfield></datafield><datafield tag="876" ind1=" " ind2=" "><subfield code="0">22519576130006421</subfield><subfield code="j">1</subfield><subfield code="z">pa</subfield><subfield code="p">32101056650060</subfield><subfield code="t">1</subfield><subfield code="a">23519575950006421</subfield><subfield code="3">no.19-20 2004</subfield><subfield code="d">2005-01-05 19:00:00 US/Eastern</subfield><subfield code="q">2005-01-06 05:59:00 US/Eastern</subfield><subfield code="y">recap</subfield></datafield><datafield tag="876" ind1=" " ind2=" "><subfield code="0">22519576130006421</subfield><subfield code="j">1</subfield><subfield code="z">pa</subfield><subfield code="p">32101072387689</subfield><subfield code="t">1</subfield><subfield code="a">23519575990006421</subfield><subfield code="3">no.67-68 2008</subfield><subfield code="d">2009-05-07 20:00:00 US/Eastern</subfield><subfield code="q">2009-05-08 06:59:00 US/Eastern</subfield><subfield code="y">recap</subfield></datafield><datafield tag="876" ind1=" " ind2=" "><subfield code="0">22519576130006421</subfield><subfield code="j">1</subfield><subfield code="z">pa</subfield><subfield code="p">32101060517966</subfield><subfield code="t">1</subfield><subfield code="a">23519575900006421</subfield><subfield code="3">no.45-46 2006</subfield><subfield code="d">2007-04-08 20:00:00 US/Eastern</subfield><subfield code="q">2007-04-09 06:59:00 US/Eastern</subfield><subfield code="y">recap</subfield></datafield><datafield tag="876" ind1=" " ind2=" "><subfield code="0">22519576130006421</subfield><subfield code="j">1</subfield><subfield code="z">pa</subfield><subfield code="p">32101059151413</subfield><subfield code="t">1</subfield><subfield code="a">23519575910006421</subfield><subfield code="3">no.35-36 2005</subfield><subfield code="d">2006-08-01 20:00:00 US/Eastern</subfield><subfield code="q">2006-08-02 06:59:00 US/Eastern</subfield><subfield code="y">recap</subfield></datafield><datafield tag="876" ind1=" " ind2=" "><subfield code="0">22519576130006421</subfield><subfield code="j">1</subfield><subfield code="z">pa</subfield><subfield code="p">32101066003292</subfield><subfield code="t">1</subfield><subfield code="a">23519575730006421</subfield><subfield code="3">no.63-64 2008</subfield><subfield code="d">2008-10-26 20:00:00 US/Eastern</subfield><subfield code="q">2008-10-27 06:59:00 US/Eastern</subfield><subfield code="y">recap</subfield></datafield><datafield tag="876" ind1=" " ind2=" "><subfield code="0">22519576850006421</subfield><subfield code="j">1</subfield><subfield code="z">cjk</subfield><subfield code="p">32101109560597</subfield><subfield code="t">1</subfield><subfield code="a">23519576190006421</subfield><subfield code="3">no.191-192 2018</subfield><subfield code="d">2019-12-10 19:00:00 US/Eastern</subfield><subfield code="q">2019-12-11 05:59:00 US/Eastern</subfield><subfield code="y">eastasian</subfield></datafield><datafield tag="876" ind1=" " ind2=" "><subfield code="0">22519576130006421</subfield><subfield code="j">1</subfield><subfield code="z">pa</subfield><subfield code="p">32101063687659</subfield><subfield code="t">1</subfield><subfield code="a">23519575760006421</subfield><subfield code="3">no.57-58 2007</subfield><subfield code="d">2008-08-05 20:00:00 US/Eastern</subfield><subfield code="q">2008-08-06 06:59:00 US/Eastern</subfield><subfield code="y">recap</subfield></datafield><datafield tag="876" ind1=" " ind2=" "><subfield code="0">22519576130006421</subfield><subfield code="j">1</subfield><subfield code="z">pa</subfield><subfield code="p">32101063687642</subfield><subfield code="t">1</subfield><subfield code="a">23519575770006421</subfield><subfield code="3">no.55-56 2007</subfield><subfield code="d">2008-08-05 20:00:00 US/Eastern</subfield><subfield code="q">2008-08-06 06:59:00 US/Eastern</subfield><subfield code="y">recap</subfield></datafield><datafield tag="876" ind1=" " ind2=" "><subfield code="0">22519576850006421</subfield><subfield code="j">1</subfield><subfield code="z">cjk</subfield><subfield code="p">32101115483594</subfield><subfield code="a">231010858690006421</subfield><subfield code="3">2023 no. 1-2 </subfield><subfield code="d">2024-02-21 11:11:36 US/Eastern</subfield><subfield code="q">2024-02-21 11:11:35 US/Eastern</subfield><subfield code="y">eastasian</subfield></datafield><datafield tag="876" ind1=" " ind2=" "><subfield code="0">22519576850006421</subfield><subfield code="j">1</subfield><subfield code="z">cjk</subfield><subfield code="p">32101093196796</subfield><subfield code="t">1</subfield><subfield code="a">23519576670006421</subfield><subfield code="3">no.127-128 2013</subfield><subfield code="d">2014-02-23 19:00:00 US/Eastern</subfield><subfield code="q">2014-02-24 05:59:00 US/Eastern</subfield><subfield code="y">eastasian</subfield></datafield><datafield tag="876" ind1=" " ind2=" "><subfield code="0">22519576850006421</subfield><subfield code="j">1</subfield><subfield code="z">cjk</subfield><subfield code="p">32101110515846</subfield><subfield code="a">23928771960006421</subfield><subfield code="3">2020 no. 11-12 </subfield><subfield code="d">2022-05-16 15:15:11 US/Eastern</subfield><subfield code="q">2022-05-16 15:15:39 US/Eastern</subfield><subfield code="y">eastasian</subfield></datafield><datafield tag="876" ind1=" " ind2=" "><subfield code="0">22519576130006421</subfield><subfield code="j">1</subfield><subfield code="z">pa</subfield><subfield code="p">32101075341394</subfield><subfield code="t">1</subfield><subfield code="a">23519576810006421</subfield><subfield code="3">no.77-78, special issue 2009</subfield><subfield code="d">2009-12-06 19:00:00 US/Eastern</subfield><subfield code="q">2009-12-07 13:24:23 US/Eastern</subfield><subfield code="y">recap</subfield></datafield><datafield tag="876" ind1=" " ind2=" "><subfield code="0">22519576850006421</subfield><subfield code="j">1</subfield><subfield code="z">cjk</subfield><subfield code="p">32101082945492</subfield><subfield code="t">1</subfield><subfield code="a">23519576740006421</subfield><subfield code="3">no.113-114 2012</subfield><subfield code="d">2012-10-15 20:00:00 US/Eastern</subfield><subfield code="q">2012-10-16 06:59:00 US/Eastern</subfield><subfield code="y">eastasian</subfield></datafield><datafield tag="876" ind1=" " ind2=" "><subfield code="0">22519576850006421</subfield><subfield code="j">1</subfield><subfield code="z">cjk</subfield><subfield code="p">32101114086000</subfield><subfield code="a">23998180680006421</subfield><subfield code="3">2022 no. 5-6 </subfield><subfield code="d">2023-11-06 13:12:59 US/Eastern</subfield><subfield code="q">2023-11-06 13:13:07 US/Eastern</subfield><subfield code="y">eastasian</subfield></datafield><datafield tag="876" ind1=" " ind2=" "><subfield code="0">22519576130006421</subfield><subfield code="j">1</subfield><subfield code="z">pa</subfield><subfield code="p">32101075964369</subfield><subfield code="t">1</subfield><subfield code="a">23519576780006421</subfield><subfield code="3">no.85-86 2010</subfield><subfield code="d">2010-07-27 20:00:00 US/Eastern</subfield><subfield code="q">2010-07-28 13:22:05 US/Eastern</subfield><subfield code="y">recap</subfield></datafield><datafield tag="876" ind1=" " ind2=" "><subfield code="0">22519576850006421</subfield><subfield code="j">1</subfield><subfield code="z">cjk</subfield><subfield code="p">32101110515895</subfield><subfield code="a">23928772060006421</subfield><subfield code="3">2020 no. 1-2 </subfield><subfield code="d">2022-05-16 15:08:47 US/Eastern</subfield><subfield code="q">2022-05-16 15:09:50 US/Eastern</subfield><subfield code="y">eastasian</subfield></datafield><datafield tag="876" ind1=" " ind2=" "><subfield code="0">22519576850006421</subfield><subfield code="j">1</subfield><subfield code="z">cjk</subfield><subfield code="p">32101097830713</subfield><subfield code="t">1</subfield><subfield code="a">23519576270006421</subfield><subfield code="3">no.175-176 (2017)</subfield><subfield code="d">2018-09-17 20:00:00 US/Eastern</subfield><subfield code="q">2018-09-18 15:00:19 US/Eastern</subfield><subfield code="y">eastasian</subfield></datafield><datafield tag="876" ind1=" " ind2=" "><subfield code="0">22519576850006421</subfield><subfield code="j">1</subfield><subfield code="z">cjk</subfield><subfield code="p">32101086033667</subfield><subfield code="t">1</subfield><subfield code="a">23519576520006421</subfield><subfield code="3">no.107-108 2011</subfield><subfield code="d">2012-08-30 20:00:00 US/Eastern</subfield><subfield code="q">2012-08-31 06:59:00 US/Eastern</subfield><subfield code="y">eastasian</subfield></datafield><datafield tag="876" ind1=" " ind2=" "><subfield code="0">22519576850006421</subfield><subfield code="j">1</subfield><subfield code="z">cjk</subfield><subfield code="p">32101093196762</subfield><subfield code="t">1</subfield><subfield code="a">23519576700006421</subfield><subfield code="3">no.119-120 2012</subfield><subfield code="d">2014-02-23 19:00:00 US/Eastern</subfield><subfield code="q">2014-02-24 05:59:00 US/Eastern</subfield><subfield code="y">eastasian</subfield></datafield><datafield tag="876" ind1=" " ind2=" "><subfield code="0">22519576850006421</subfield><subfield code="j">1</subfield><subfield code="z">cjk</subfield><subfield code="p">32101081187468</subfield><subfield code="t">1</subfield><subfield code="a">23519576450006421</subfield><subfield code="3">no.137-138 2014</subfield><subfield code="d">2014-10-01 20:00:00 US/Eastern</subfield><subfield code="q">2014-10-02 06:59:00 US/Eastern</subfield><subfield code="y">eastasian</subfield></datafield><datafield tag="876" ind1=" " ind2=" "><subfield code="0">22519576850006421</subfield><subfield code="j">1</subfield><subfield code="z">cjk</subfield><subfield code="p">32101115488833</subfield><subfield code="a">231018749790006421</subfield><subfield code="3">2023 no. 7-8 </subfield><subfield code="d">2024-05-09 13:43:12 US/Eastern</subfield><subfield code="q">2024-05-09 13:43:41 US/Eastern</subfield><subfield code="y">eastasian</subfield></datafield><datafield tag="876" ind1=" " ind2=" "><subfield code="0">22519576850006421</subfield><subfield code="j">1</subfield><subfield code="z">cjk</subfield><subfield code="p">32101097830648</subfield><subfield code="t">1</subfield><subfield code="a">23519576340006421</subfield><subfield code="3">no.161-162 2016</subfield><subfield code="d">2018-09-17 20:00:00 US/Eastern</subfield><subfield code="q">2018-09-18 06:59:00 US/Eastern</subfield><subfield code="y">eastasian</subfield></datafield><datafield tag="876" ind1=" " ind2=" "><subfield code="0">22519576850006421</subfield><subfield code="j">1</subfield><subfield code="z">cjk</subfield><subfield code="p">32101081425959</subfield><subfield code="t">1</subfield><subfield code="a">23519576630006421</subfield><subfield code="3">no.145-146 2014</subfield><subfield code="d">2015-06-21 20:00:00 US/Eastern</subfield><subfield code="q">2015-06-22 06:59:00 US/Eastern</subfield><subfield code="y">eastasian</subfield></datafield><datafield tag="876" ind1=" " ind2=" "><subfield code="0">22519576850006421</subfield><subfield code="j">1</subfield><subfield code="z">cjk</subfield><subfield code="p">32101075488146</subfield><subfield code="t">1</subfield><subfield code="a">23519576560006421</subfield><subfield code="3">no.101-102 2011</subfield><subfield code="d">2011-11-07 19:00:00 US/Eastern</subfield><subfield code="q">2011-11-08 05:59:00 US/Eastern</subfield><subfield code="y">eastasian</subfield></datafield><datafield tag="876" ind1=" " ind2=" "><subfield code="0">22519576850006421</subfield><subfield code="j">1</subfield><subfield code="z">cjk</subfield><subfield code="p">32101086735972</subfield><subfield code="t">1</subfield><subfield code="a">23519576410006421</subfield><subfield code="3">no.151-152 2015</subfield><subfield code="d">2015-11-10 19:00:00 US/Eastern</subfield><subfield code="q">2015-11-11 05:59:00 US/Eastern</subfield><subfield code="y">eastasian</subfield></datafield><datafield tag="876" ind1=" " ind2=" "><subfield code="0">22519576850006421</subfield><subfield code="j">1</subfield><subfield code="z">cjk</subfield><subfield code="p">32101081187542</subfield><subfield code="t">1</subfield><subfield code="a">23519576490006421</subfield><subfield code="3">no.131 2013</subfield><subfield code="d">2014-10-01 20:00:00 US/Eastern</subfield><subfield code="q">2014-10-02 06:59:00 US/Eastern</subfield><subfield code="y">eastasian</subfield></datafield></record>