<record><leader>01485cam a2200397 a 4500</leader><controlfield tag="005">20240502055709.0</controlfield><controlfield tag="008">011112s2002    enka     b    001 0 eng d</controlfield><controlfield tag="001">9938810693506421</controlfield><datafield tag="010" ind1=" " ind2=" "><subfield code="a">  2003268549</subfield></datafield><datafield tag="015" ind1=" " ind2=" "><subfield code="a">GBA1-U3866</subfield></datafield><datafield tag="020" ind1=" " ind2=" "><subfield code="a">0198508174</subfield></datafield><datafield tag="020" ind1=" " ind2=" "><subfield code="a">0198508182 (PBK.)</subfield></datafield><datafield tag="035" ind1=" " ind2=" "><subfield code="a">(CStRLIN)DCLC2003268549-B</subfield></datafield><datafield tag="035" ind1=" " ind2=" "><subfield code="a">(WaOLN)M130000194</subfield></datafield><datafield tag="035" ind1=" " ind2=" "><subfield code="a">(CStRLIN)NYPGR48532770-B</subfield></datafield><datafield tag="035" ind1=" " ind2=" "><subfield code="a">(NjP)3881069-princetondb</subfield></datafield><datafield tag="035" ind1=" " ind2=" "><subfield code="z">(NjP)Voyager3881069</subfield></datafield><datafield tag="035" ind1=" " ind2=" "><subfield code="a">(OCoLC)ocm48532770</subfield></datafield><datafield tag="040" ind1=" " ind2=" "><subfield code="a">UKM</subfield><subfield code="b">eng</subfield><subfield code="c">UKM</subfield><subfield code="d">C#P</subfield><subfield code="d">DLC</subfield></datafield><datafield tag="042" ind1=" " ind2=" "><subfield code="a">lccopycat</subfield></datafield><datafield tag="050" ind1="0" ind2="0"><subfield code="a">QL751</subfield><subfield code="b">.K8125 2002</subfield></datafield><datafield tag="082" ind1="0" ind2="0"><subfield code="a">591.56</subfield><subfield code="2">21</subfield></datafield><datafield tag="100" ind1="1" ind2=" "><subfield code="a">Krause, Jens,</subfield><subfield code="c">Dr.</subfield><subfield code="0">http://id.loc.gov/authorities/names/no2003005715</subfield></datafield><datafield tag="245" ind1="1" ind2="0"><subfield code="a">Living in groups /</subfield><subfield code="c">Jens Krause, Graeme D. Ruxton.</subfield></datafield><datafield tag="260" ind1=" " ind2=" "><subfield code="a">Oxford ;</subfield><subfield code="a">New York :</subfield><subfield code="b">Oxford University Press,</subfield><subfield code="c">2002.</subfield></datafield><datafield tag="300" ind1=" " ind2=" "><subfield code="a">xiv, 210 p. :</subfield><subfield code="b">ill. ;</subfield><subfield code="c">25 cm.</subfield></datafield><datafield tag="440" ind1=" " ind2="0"><subfield code="a">Oxford series in ecology and evolution</subfield></datafield><datafield tag="504" ind1=" " ind2=" "><subfield code="a">Includes bibliographical references (p. [159]-188) and indexes.</subfield></datafield><datafield tag="650" ind1=" " ind2="0"><subfield code="a">Animal behavior.</subfield><subfield code="0">http://id.loc.gov/authorities/subjects/sh85005162</subfield></datafield><datafield tag="650" ind1=" " ind2="0"><subfield code="a">Social behavior in animals.</subfield><subfield code="0">http://id.loc.gov/authorities/subjects/sh85123911</subfield></datafield><datafield tag="700" ind1="1" ind2=" "><subfield code="a">Ruxton, Graeme D.</subfield><subfield code="0">http://id.loc.gov/authorities/names/no2003005719</subfield></datafield><datafield tag="902" ind1=" " ind2=" "><subfield code="a">ad</subfield><subfield code="b">l</subfield><subfield code="6">a</subfield><subfield code="7">m</subfield><subfield code="d">v</subfield><subfield code="f">1</subfield><subfield code="e">20030917</subfield></datafield><datafield tag="904" ind1=" " ind2=" "><subfield code="a">msw</subfield><subfield code="b">o</subfield><subfield code="h">m</subfield><subfield code="c">b</subfield><subfield code="e">20030422</subfield></datafield><datafield tag="914" ind1=" " ind2=" "><subfield code="a">(OCoLC)ocm48532770</subfield><subfield code="b">OCoLC</subfield><subfield code="c">match</subfield><subfield code="d">20240501</subfield><subfield code="e">processed</subfield><subfield code="f">48532770</subfield></datafield><datafield tag="998" ind1=" " ind2=" "><subfield code="s">9550</subfield></datafield><datafield tag="999" ind1=" " ind2=" "><subfield code="a">3881069</subfield></datafield><datafield tag="950" ind1=" " ind2=" "><subfield code="c">2024-05-02 05:57:09 US/Eastern</subfield><subfield code="b">2021-07-12 22:02:24 US/Eastern</subfield><subfield code="a">false</subfield></datafield><datafield tag="852" ind1="0" ind2=" "><subfield code="b">lewis</subfield><subfield code="c">stacks</subfield><subfield code="h">QL751</subfield><subfield code="i">.K8125 2002</subfield><subfield code="8">22628631230006421</subfield></datafield><datafield tag="952" ind1=" " ind2=" "><subfield code="a">2021-07-13 02:02:24</subfield><subfield code="8">22628631230006421</subfield><subfield code="b">Lewis Library</subfield><subfield code="c">Stacks: Lewis Library</subfield><subfield code="e">false</subfield></datafield><datafield tag="876" ind1=" " ind2=" "><subfield code="0">22628631230006421</subfield><subfield code="j">0</subfield><subfield code="x">LOAN</subfield><subfield code="z">stacks</subfield><subfield code="p">32101047657265</subfield><subfield code="t">1</subfield><subfield code="a">23628631210006421</subfield><subfield code="d">2003-09-15 20:00:00 US/Eastern</subfield><subfield code="q">2003-09-16 06:59:00 US/Eastern</subfield><subfield code="y">lewis</subfield></datafield></record>