<record><leader>01090cam a2200277 a 4500</leader><controlfield tag="005">20240718101918.0</controlfield><controlfield tag="008">941222s1993    fr af    b    001 0 fre d</controlfield><controlfield tag="001">999396343506421</controlfield><datafield tag="020" ind1=" " ind2=" "><subfield code="a">2702122205 :</subfield><subfield code="c">175 F</subfield></datafield><datafield tag="035" ind1=" " ind2=" "><subfield code="a">(CStRLIN)NJPG94-B77630</subfield></datafield><datafield tag="035" ind1=" " ind2=" "><subfield code="9">CBN6685TS</subfield></datafield><datafield tag="035" ind1=" " ind2=" "><subfield code="a">(NjP)939634-princetondb</subfield></datafield><datafield tag="035" ind1=" " ind2=" "><subfield code="z">(NjP)Voyager939634</subfield></datafield><datafield tag="035" ind1=" " ind2=" "><subfield code="a">(OCoLC)ocm29810073</subfield></datafield><datafield tag="040" ind1=" " ind2=" "><subfield code="a">EMU</subfield><subfield code="b">eng</subfield><subfield code="c">EMU</subfield><subfield code="d">NNU</subfield><subfield code="d">NjP</subfield></datafield><datafield tag="043" ind1=" " ind2=" "><subfield code="a">e-fr---</subfield></datafield><datafield tag="100" ind1="1" ind2=" "><subfield code="a">Baecque, Antoine de.</subfield><subfield code="0">http://id.loc.gov/authorities/names/nr89018179</subfield></datafield><datafield tag="245" ind1="1" ind2="3"><subfield code="a">Le corps de l'histoire :</subfield><subfield code="b">métaphores et politique, 1770-1800 /</subfield><subfield code="c">Antoine de Baecque.</subfield></datafield><datafield tag="260" ind1=" " ind2=" "><subfield code="a">[Paris] :</subfield><subfield code="b">Calmann-Lévy,</subfield><subfield code="c">c1993.</subfield></datafield><datafield tag="300" ind1=" " ind2=" "><subfield code="a">435 p., [8] p. of plates :</subfield><subfield code="b">ill. ;</subfield><subfield code="c">21 cm.</subfield></datafield><datafield tag="504" ind1=" " ind2=" "><subfield code="a">Includes bibliographical references (p. [393]-425) and index.</subfield></datafield><datafield tag="651" ind1=" " ind2="0"><subfield code="a">France</subfield><subfield code="x">History</subfield><subfield code="y">Louis XVI, 1774-1793</subfield><subfield code="x">Historiography.</subfield></datafield><datafield tag="911" ind1=" " ind2=" "><subfield code="a">19950105</subfield></datafield><datafield tag="912" ind1=" " ind2=" "><subfield code="a">19941222000000.0</subfield></datafield><datafield tag="914" ind1=" " ind2=" "><subfield code="a">(OCoLC)ocm29810073</subfield><subfield code="b">OCoLC</subfield><subfield code="c">match</subfield><subfield code="d">20240717</subfield><subfield code="e">processed</subfield><subfield code="f">29810073</subfield></datafield><datafield tag="998" ind1=" " ind2=" "><subfield code="a">12/22/94</subfield><subfield code="s">9115</subfield><subfield code="n">NjP</subfield><subfield code="w">NYBGAEF4174B</subfield><subfield code="d">12/22/94</subfield><subfield code="c">NV</subfield><subfield code="b">NBS</subfield><subfield code="i">941222</subfield><subfield code="l">NJPG</subfield></datafield><datafield tag="950" ind1=" " ind2=" "><subfield code="c">2026-01-30 04:30:41 US/Eastern</subfield><subfield code="b">2021-07-13 07:57:35 US/Eastern</subfield><subfield code="a">false</subfield></datafield><datafield tag="852" ind1="0" ind2="0"><subfield code="b">recap</subfield><subfield code="c">pa</subfield><subfield code="h">DC136.9</subfield><subfield code="i">.B343 1993</subfield><subfield code="8">22735496310006421</subfield></datafield><datafield tag="952" ind1=" " ind2=" "><subfield code="d">2023-11-29 13:27:35</subfield><subfield code="8">22735496310006421</subfield><subfield code="a">2021-07-13 11:57:35</subfield><subfield code="b">ReCAP</subfield><subfield code="c">rcppa: RECAP</subfield><subfield code="e">false</subfield></datafield><datafield tag="876" ind1=" " ind2=" "><subfield code="0">22735496310006421</subfield><subfield code="j">0</subfield><subfield code="x">LOAN</subfield><subfield code="z">pa</subfield><subfield code="p">32101111488779</subfield><subfield code="t">1</subfield><subfield code="a">23735496300006421</subfield><subfield code="d">2000-06-12 20:00:00 US/Eastern</subfield><subfield code="q">2000-06-13 08:27:34 US/Eastern</subfield><subfield code="y">recap</subfield></datafield></record>