<record><leader>03576cam a2200397 i 4500</leader><controlfield tag="005">20240418040655.0</controlfield><controlfield tag="008">230609s2024    nju      b    001 0 eng d</controlfield><controlfield tag="001">99130296015906421</controlfield><datafield tag="020" ind1=" " ind2=" "><subfield code="a">9780691147185</subfield><subfield code="q">hardcover</subfield></datafield><datafield tag="020" ind1=" " ind2=" "><subfield code="a">0691147183</subfield><subfield code="q">hardcover</subfield></datafield><datafield tag="035" ind1=" " ind2=" "><subfield code="n">(MLS)7469121</subfield></datafield><datafield tag="035" ind1=" " ind2=" "><subfield code="a">(OCoLC)on1381441282</subfield></datafield><datafield tag="040" ind1=" " ind2=" "><subfield code="a">YDX</subfield><subfield code="b">eng</subfield><subfield code="e">rda</subfield><subfield code="c">YDX</subfield><subfield code="d">YDX</subfield></datafield><datafield tag="041" ind1="1" ind2=" "><subfield code="a">ger</subfield><subfield code="h">eng</subfield></datafield><datafield tag="050" ind1=" " ind2="4"><subfield code="a">D16.8</subfield><subfield code="b">.H49413 2024</subfield></datafield><datafield tag="082" ind1="0" ind2="4"><subfield code="a">901</subfield><subfield code="2">23/eng/20240229</subfield></datafield><datafield tag="100" ind1="1" ind2=" "><subfield code="a">Herder, Johann Gottfried,</subfield><subfield code="d">1744-1803,</subfield><subfield code="e">author.</subfield></datafield><datafield tag="240" ind1="1" ind2="0"><subfield code="a">Ideen zur Philosophie der Geschichte der Menschheit.</subfield><subfield code="l">English</subfield></datafield><datafield tag="245" ind1="1" ind2="0"><subfield code="a">Ideas for the philosophy of the history of mankind /</subfield><subfield code="c">Johann Gottfried Herder ; translated and edited by Gregory Martin Moore.</subfield></datafield><datafield tag="264" ind1=" " ind2="1"><subfield code="a">Princeton :</subfield><subfield code="b">Princeton University Press,</subfield><subfield code="c">[2024]</subfield></datafield><datafield tag="300" ind1=" " ind2=" "><subfield code="a">lxxviii, 707 pages ;</subfield><subfield code="c">24 cm.</subfield></datafield><datafield tag="336" ind1=" " ind2=" "><subfield code="a">text</subfield><subfield code="b">txt</subfield><subfield code="2">rdacontent</subfield></datafield><datafield tag="337" ind1=" " ind2=" "><subfield code="a">unmediated</subfield><subfield code="b">n</subfield><subfield code="2">rdamedia</subfield></datafield><datafield tag="338" ind1=" " ind2=" "><subfield code="a">volume</subfield><subfield code="b">nc</subfield><subfield code="2">rdacarrier</subfield></datafield><datafield tag="504" ind1=" " ind2=" "><subfield code="a">Includes bibliographical references and index.</subfield></datafield><datafield tag="505" ind1="0" ind2="0"><subfield code="t">Frontmatter --</subfield><subfield code="t">Contents --</subfield><subfield code="t">Introduction --</subfield><subfield code="t">Note on the Translation --</subfield><subfield code="t">Part One. 1784 --</subfield><subfield code="t">Part Two. 1785 --</subfield><subfield code="t">Part Three. 1787 --</subfield><subfield code="t">Part Four. 1791 --</subfield><subfield code="t">Appendix: Plan for the Concluding Volume of the Ideas (1788/89) --</subfield><subfield code="t">Notes --</subfield><subfield code="t">Index --</subfield><subfield code="t">A NOTE ON THE TYPE</subfield></datafield><datafield tag="520" ind1=" " ind2=" "><subfield code="a">One of the most important works of the Enlightenment--in the first new, unabridged English translation in more than two centuriesPublished in four volumes between 1784 and 1791, Herder's Ideas for the Philosophy of the History of Mankind is one of the most important works of the Enlightenment--a bold, original, and encyclopedic synthesis of, and contribution to, the era's philosophical debates over nature, history, culture, and the very meaning of human experience. This is the first new, unabridged English translation of the Ideas in more than two centuries. Gregory Martin Moore's lively, modern English text, extensive introduction, and commentary bring this neglected masterpiece back to life.The Ideas--which engages with many of the leading thinkers of the eighteenth century, such as Montesquieu, Kant, Gibbon, Ferguson, Buffon, and Rousseau--is many things at once: an inquiry into the unity and purpose of history, a reflection on human nature and the place of humans in the cosmic order, an examination of what was beginning to be called "culture," and a narrative of cultural progress across time among different peoples. Along the way, Herder considers a dizzying variety of topics, including the formation of the earth and solar system, species change, race, the immortality of the soul, the establishment of society, and the pursuit of happiness. Above all, the Ideas is an anthropology--what Alexander Pope had termed an "essay on man"--pervaded by an appropriately humane spirit.A fresh and much-needed modern translation of the complete Ideas, this volume reintroduces English readers to a classic of Enlightenment thought.</subfield></datafield><datafield tag="650" ind1=" " ind2="0"><subfield code="a">History</subfield><subfield code="x">Philosophy.</subfield></datafield><datafield tag="700" ind1="1" ind2=" "><subfield code="a">Moore, Gregory Martin,</subfield><subfield code="e">translator.</subfield></datafield><datafield tag="776" ind1="0" ind2="8"><subfield code="i">Electronic version:</subfield><subfield code="a">Herder, Johann Gottfried, 1744-1803.</subfield><subfield code="s">Ideen zur Philosophie der Geschichte der Menschheit. English.</subfield><subfield code="t">Ideas for the philosophy of the history of mankind.</subfield><subfield code="d">Princeton : Princeton University Press, [2024]</subfield><subfield code="z">9780691255705</subfield><subfield code="w">(OCoLC)1412623106</subfield></datafield><datafield tag="852" ind1=" " ind2=" "><subfield code="b">f</subfield></datafield><datafield tag="910" ind1=" " ind2=" "><subfield code="d">67548</subfield><subfield code="g">MIDWEST</subfield></datafield><datafield tag="914" ind1=" " ind2=" "><subfield code="a">(OCoLC)on1381441282</subfield><subfield code="b">OCoLC</subfield><subfield code="c">match</subfield><subfield code="d">20240417</subfield><subfield code="e">processed</subfield><subfield code="f">1381441282</subfield></datafield><datafield tag="980" ind1=" " ind2=" "><subfield code="a">20240328</subfield><subfield code="f">5313604</subfield><subfield code="h">A0401mon</subfield><subfield code="i">80.00</subfield><subfield code="j">84.65</subfield><subfield code="n">7469121</subfield></datafield><datafield tag="982" ind1=" " ind2=" "><subfield code="b">FY21</subfield><subfield code="c">Gen</subfield><subfield code="n">2021</subfield><subfield code="q">32101112765282</subfield></datafield><datafield tag="986" ind1=" " ind2=" "><subfield code="h">D16.8</subfield><subfield code="i">.H49413 2024</subfield></datafield><datafield tag="950" ind1=" " ind2=" "><subfield code="c">2026-01-23 04:17:47 US/Eastern</subfield><subfield code="b">2024-03-29 00:01:33 US/Eastern</subfield><subfield code="a">false</subfield></datafield><datafield tag="852" ind1="0" ind2=" "><subfield code="b">recap</subfield><subfield code="c">pa</subfield><subfield code="h">D16.8</subfield><subfield code="i">.H49413 2024</subfield><subfield code="8">221015278720006421</subfield></datafield><datafield tag="952" ind1=" " ind2=" "><subfield code="d">2025-11-24 18:36:57</subfield><subfield code="8">221015278720006421</subfield><subfield code="a">2024-03-29 04:03:40</subfield><subfield code="b">ReCAP</subfield><subfield code="c">rcppa: RECAP</subfield><subfield code="e">false</subfield></datafield><datafield tag="876" ind1=" " ind2=" "><subfield code="0">221015278720006421</subfield><subfield code="j">0</subfield><subfield code="x">LOAN</subfield><subfield code="z">pa</subfield><subfield code="p">32101112765282</subfield><subfield code="a">231015278710006421</subfield><subfield code="d">2024-03-29 00:03:40 US/Eastern</subfield><subfield code="q">2024-04-10 13:36:57 US/Eastern</subfield><subfield code="y">recap</subfield></datafield></record>