<record><leader>01324cam a2200349 a 4500</leader><controlfield tag="005">20240718110342.0</controlfield><controlfield tag="008">900827s1989    enkb     b    001 0 eng  </controlfield><controlfield tag="001">995963043506421</controlfield><datafield tag="010" ind1=" " ind2=" "><subfield code="a">   88039704  </subfield></datafield><datafield tag="020" ind1=" " ind2=" "><subfield code="a">0582354560 :</subfield><subfield code="c">£3.25</subfield></datafield><datafield tag="035" ind1=" " ind2=" "><subfield code="a">(CStRLIN)NJPG90-B37261</subfield></datafield><datafield tag="035" ind1=" " ind2=" "><subfield code="9">ACT2372TS</subfield></datafield><datafield tag="035" ind1=" " ind2=" "><subfield code="a">(NjP)596304-princetondb</subfield></datafield><datafield tag="035" ind1=" " ind2=" "><subfield code="z">(NjP)Voyager596304</subfield></datafield><datafield tag="035" ind1=" " ind2=" "><subfield code="a">(OCoLC)ocm18683642</subfield></datafield><datafield tag="040" ind1=" " ind2=" "><subfield code="a">DLC</subfield><subfield code="b">eng</subfield><subfield code="c">DLC</subfield><subfield code="d">DLC</subfield></datafield><datafield tag="043" ind1=" " ind2=" "><subfield code="a">e-fr---</subfield></datafield><datafield tag="050" ind1="0" ind2="0"><subfield code="a">DC111</subfield><subfield code="b">.K54 1989</subfield></datafield><datafield tag="082" ind1="0" ind2="0"><subfield code="a">944/.029</subfield><subfield code="2">19</subfield></datafield><datafield tag="100" ind1="1" ind2=" "><subfield code="a">Knecht, R. J.</subfield><subfield code="q">(Robert Jean)</subfield><subfield code="0">http://id.loc.gov/authorities/names/n50043457</subfield></datafield><datafield tag="245" ind1="1" ind2="4"><subfield code="a">The French wars of religion, 1559-1598 /</subfield><subfield code="c">R.J. Knecht.</subfield></datafield><datafield tag="260" ind1=" " ind2=" "><subfield code="a">London ;</subfield><subfield code="a">New York :</subfield><subfield code="b">Longman,</subfield><subfield code="c">1989.</subfield></datafield><datafield tag="300" ind1=" " ind2=" "><subfield code="a">viii, 153 p. :</subfield><subfield code="b">map ;</subfield><subfield code="c">20 cm.</subfield></datafield><datafield tag="440" ind1=" " ind2="0"><subfield code="a">Seminar studies in history</subfield></datafield><datafield tag="504" ind1=" " ind2=" "><subfield code="a">Bibliography: p. 139-146.</subfield></datafield><datafield tag="500" ind1=" " ind2=" "><subfield code="a">Includes index.</subfield></datafield><datafield tag="651" ind1=" " ind2="0"><subfield code="a">France</subfield><subfield code="x">History</subfield><subfield code="y">Wars of the Huguenots, 1562-1598.</subfield><subfield code="0">http://id.loc.gov/authorities/subjects/sh85051298</subfield></datafield><datafield tag="651" ind1=" " ind2="0"><subfield code="a">France</subfield><subfield code="x">Church history</subfield><subfield code="y">16th century.</subfield><subfield code="0">http://id.loc.gov/authorities/subjects/sh85051178</subfield></datafield><datafield tag="911" ind1=" " ind2=" "><subfield code="a">19921028</subfield></datafield><datafield tag="912" ind1=" " ind2=" "><subfield code="a">19910104000000.0</subfield></datafield><datafield tag="914" ind1=" " ind2=" "><subfield code="a">(OCoLC)ocm18683642</subfield><subfield code="b">OCoLC</subfield><subfield code="c">match</subfield><subfield code="d">20240717</subfield><subfield code="e">processed</subfield><subfield code="f">18683642</subfield></datafield><datafield tag="998" ind1=" " ind2=" "><subfield code="a">08/27/90</subfield><subfield code="s">9110</subfield><subfield code="n">NjP</subfield><subfield code="w">DCLC8839704B</subfield><subfield code="d">08/27/90</subfield><subfield code="c">NJB</subfield><subfield code="b">NJB</subfield><subfield code="i">900827</subfield><subfield code="l">NJPG</subfield></datafield><datafield tag="950" ind1=" " ind2=" "><subfield code="c">2024-07-18 11:03:42 US/Eastern</subfield><subfield code="b">2021-07-12 16:17:59 US/Eastern</subfield><subfield code="a">false</subfield></datafield><datafield tag="852" ind1="0" ind2="0"><subfield code="b">firestone</subfield><subfield code="c">stacks</subfield><subfield code="h">DC111</subfield><subfield code="i">.K54 1989</subfield><subfield code="8">22566255250006421</subfield></datafield><datafield tag="952" ind1=" " ind2=" "><subfield code="a">2021-07-12 20:17:59</subfield><subfield code="8">22566255250006421</subfield><subfield code="b">Firestone Library</subfield><subfield code="c">stacks: Firestone Library</subfield><subfield code="e">false</subfield></datafield><datafield tag="876" ind1=" " ind2=" "><subfield code="0">22566255250006421</subfield><subfield code="j">0</subfield><subfield code="x">LOAN</subfield><subfield code="z">stacks</subfield><subfield code="p">32101011595897</subfield><subfield code="t">1</subfield><subfield code="a">23566255240006421</subfield><subfield code="d">2000-06-12 20:00:00 US/Eastern</subfield><subfield code="q">2000-06-13 06:59:00 US/Eastern</subfield><subfield code="y">firestone</subfield></datafield></record>