<record><leader>03423cam a2200445 i 4500</leader><controlfield tag="005">20240502065615.0</controlfield><controlfield tag="008">210906s2021    enkab    b    001 0 eng d</controlfield><controlfield tag="001">99125461843606421</controlfield><datafield tag="020" ind1=" " ind2=" "><subfield code="a">9781838510121</subfield><subfield code="q">hardcover</subfield></datafield><datafield tag="020" ind1=" " ind2=" "><subfield code="a">1838510125</subfield><subfield code="q">hardcover</subfield></datafield><datafield tag="035" ind1=" " ind2=" "><subfield code="a">(OCoLC)on1272885650</subfield></datafield><datafield tag="037" ind1=" " ind2=" "><subfield code="a">W029814</subfield></datafield><datafield tag="040" ind1=" " ind2=" "><subfield code="a">UKMGB</subfield><subfield code="b">eng</subfield><subfield code="e">rda</subfield><subfield code="c">UKMGB</subfield><subfield code="d">OCLCO</subfield><subfield code="d">OCLCF</subfield><subfield code="d">AVA</subfield><subfield code="d">YDX</subfield><subfield code="d">AVA</subfield><subfield code="d">YDX</subfield></datafield><datafield tag="043" ind1=" " ind2=" "><subfield code="a">e-uk---</subfield><subfield code="a">e------</subfield></datafield><datafield tag="050" ind1=" " ind2="4"><subfield code="a">DA125.H84</subfield><subfield code="b">M87 2021</subfield></datafield><datafield tag="082" ind1="0" ind2="4"><subfield code="a">942.0088245</subfield><subfield code="2">23</subfield></datafield><datafield tag="100" ind1="1" ind2=" "><subfield code="a">Murdoch, T. V.</subfield><subfield code="q">(Tessa Violet),</subfield><subfield code="e">author.</subfield></datafield><datafield tag="245" ind1="1" ind2="0"><subfield code="a">Europe divided :</subfield><subfield code="b">Huguenot refugee art and culture /</subfield><subfield code="c">Tessa Murdoch.</subfield></datafield><datafield tag="264" ind1=" " ind2="1"><subfield code="a">London :</subfield><subfield code="b">V&amp;A Publishing,</subfield><subfield code="c">2021.</subfield></datafield><datafield tag="300" ind1=" " ind2=" "><subfield code="a">320 pages :</subfield><subfield code="b">illustrations (color), maps ;</subfield><subfield code="c">28 cm</subfield></datafield><datafield tag="336" ind1=" " ind2=" "><subfield code="a">text</subfield><subfield code="2">rdacontent</subfield></datafield><datafield tag="336" ind1=" " ind2=" "><subfield code="a">still image</subfield><subfield code="2">rdacontent</subfield></datafield><datafield tag="337" ind1=" " ind2=" "><subfield code="a">unmediated</subfield><subfield code="2">rdamedia</subfield></datafield><datafield tag="338" ind1=" " ind2=" "><subfield code="a">volume</subfield><subfield code="2">rdacarrier</subfield></datafield><datafield tag="520" ind1="8" ind2=" "><subfield code="a">"This richly illustrated book focuses on the extraordinary international networks resulting from the diaspora of more than 200,000 refugees who left France in the late 17th century to join communities already in exile spread far and wide.First-generation Huguenot refugees included hundreds of trained artists, designers, and craftsmen. Beyond the French borders, they raised the quality of design and workshop practice, passing on skills to their apprentices; sons, godsons, cousins, and to successive generations, who continued to dominate output in the luxury trades. Although silver and silks are the best-known fields with which Huguenot settlers are associated, their significant contribution to architecture, ceramics, design, clock and watchmaking, engraving, furniture, woodwork, sculpture, portraiture, and art education provides fascinating insight into the motivation and resolve of this highly skilled diaspora. Thanks to a sophisticated network of Huguenot merchants, retailers, and bankers who financed their production, their wares reached a global market." -- publisher's description.</subfield></datafield><datafield tag="504" ind1=" " ind2=" "><subfield code="a">Includes bibliographical references and index.</subfield></datafield><datafield tag="505" ind1="0" ind2=" "><subfield code="a">The Huguenot diaspora -- The reception of Huguenot artists, craftsmen and designers in the British Isles -- The Huguenots as educators -- Decorative painters -- Huguenot architects and engineers -- Huguenot metalsmiths -- Carvers, gilders, cabinetmakers and upholsterers - Huguenot sculptors in France and beyond -- The taste for porcelain and ceramic manufacture in Britain and Ireland -- Huguenot goldsmiths and silversmiths in the British Isles 1550-1780 -- Huguenot watchmakers and Jewellers: the manufacture and international market for luxury goods -- Printmakers and sellers: designs, ornament and reproductive prints -- Huguenot and portraiture: allegiance, identity, loyalty and memory.</subfield></datafield><datafield tag="650" ind1=" " ind2="0"><subfield code="a">Decorative arts, Huguenot</subfield><subfield code="z">Great Britain.</subfield></datafield><datafield tag="650" ind1=" " ind2="0"><subfield code="a">Huguenots</subfield><subfield code="z">Europe</subfield><subfield code="x">Intellectual life.</subfield></datafield><datafield tag="650" ind1=" " ind2="0"><subfield code="a">Huguenots</subfield><subfield code="x">Social networks</subfield><subfield code="z">Europe.</subfield></datafield><datafield tag="650" ind1=" " ind2="0"><subfield code="a">Huguenots</subfield><subfield code="x">Material culture</subfield><subfield code="z">Europe.</subfield></datafield><datafield tag="650" ind1=" " ind2="0"><subfield code="a">Decorative arts, Huguenot</subfield><subfield code="z">Europe.</subfield></datafield><datafield tag="650" ind1=" " ind2="7"><subfield code="a">Decorative arts, Huguenot.</subfield><subfield code="2">fast</subfield><subfield code="0">(OCoLC)fst00889393</subfield></datafield><datafield tag="651" ind1=" " ind2="7"><subfield code="a">Europe.</subfield><subfield code="2">fast</subfield><subfield code="0">(OCoLC)fst01245064</subfield></datafield><datafield tag="910" ind1=" " ind2=" "><subfield code="c">C0710mon</subfield><subfield code="d">3110-07</subfield><subfield code="g">YBP</subfield><subfield code="h">249237</subfield></datafield><datafield tag="914" ind1=" " ind2=" "><subfield code="a">(OCoLC)on1272885650</subfield><subfield code="b">OCoLC</subfield><subfield code="c">match</subfield><subfield code="d">20240501</subfield><subfield code="e">processed</subfield><subfield code="f">1272885650</subfield></datafield><datafield tag="980" ind1=" " ind2=" "><subfield code="a">220131</subfield><subfield code="e">44.00</subfield><subfield code="f">328059</subfield></datafield><datafield tag="980" ind1=" " ind2=" "><subfield code="a">16851338</subfield><subfield code="i">55.00</subfield><subfield code="j">45.10</subfield><subfield code="n">40030965532</subfield></datafield><datafield tag="982" ind1=" " ind2=" "><subfield code="c">f</subfield><subfield code="q">32101101665709</subfield></datafield><datafield tag="986" ind1=" " ind2=" "><subfield code="h">DA125.H84</subfield><subfield code="i">M87 2021</subfield></datafield><datafield tag="950" ind1=" " ind2=" "><subfield code="c">2024-05-02 06:56:15 US/Eastern</subfield><subfield code="b">2022-03-11 11:51:04 US/Eastern</subfield><subfield code="a">false</subfield></datafield><datafield tag="852" ind1="0" ind2=" "><subfield code="b">marquand</subfield><subfield code="c">stacks</subfield><subfield code="h">DA125.H84</subfield><subfield code="i">M87 2021</subfield><subfield code="8">22919241840006421</subfield></datafield><datafield tag="952" ind1=" " ind2=" "><subfield code="d">2022-03-28 12:43:02</subfield><subfield code="8">22919241840006421</subfield><subfield code="a">2022-03-11 16:52:24</subfield><subfield code="b">Marquand Library</subfield><subfield code="c">sa Stacks: Marquand Use Only</subfield><subfield code="e">false</subfield></datafield><datafield tag="852" ind1="0" ind2=" "><subfield code="b">firestone</subfield><subfield code="c">stacks</subfield><subfield code="h">DA125.H84</subfield><subfield code="i">M87 2021</subfield><subfield code="8">22925281290006421</subfield></datafield><datafield tag="952" ind1=" " ind2=" "><subfield code="d">2022-04-12 08:22:08</subfield><subfield code="8">22925281290006421</subfield><subfield code="a">2022-04-12 08:22:05</subfield><subfield code="b">Firestone Library</subfield><subfield code="c">stacks: Firestone Library</subfield><subfield code="e">false</subfield></datafield><datafield tag="876" ind1=" " ind2=" "><subfield code="0">22919241840006421</subfield><subfield code="j">1</subfield><subfield code="z">stacks</subfield><subfield code="p">32101118553260</subfield><subfield code="a">23919241830006421</subfield><subfield code="d">2022-03-11 11:52:24 US/Eastern</subfield><subfield code="q">2022-03-28 08:44:20 US/Eastern</subfield><subfield code="y">marquand</subfield></datafield><datafield tag="876" ind1=" " ind2=" "><subfield code="0">22925281290006421</subfield><subfield code="j">0</subfield><subfield code="x">LOAN</subfield><subfield code="z">stacks</subfield><subfield code="p">32101101665709</subfield><subfield code="a">23925281280006421</subfield><subfield code="d">2022-04-12 04:22:05 US/Eastern</subfield><subfield code="q">2022-05-13 12:06:50 US/Eastern</subfield><subfield code="y">firestone</subfield></datafield></record>