<record><leader>02495cam a2200445 i 4500</leader><controlfield tag="005">20240502073457.0</controlfield><controlfield tag="008">220709t20232023nyuab         001 0 eng c</controlfield><controlfield tag="001">99127174457006421</controlfield><datafield tag="020" ind1=" " ind2=" "><subfield code="a">9781324033356</subfield><subfield code="q">(paperback)</subfield></datafield><datafield tag="020" ind1=" " ind2=" "><subfield code="a">1324033355</subfield><subfield code="q">(paperback)</subfield></datafield><datafield tag="020" ind1=" " ind2=" "><subfield code="z">9781324033349</subfield></datafield><datafield tag="035" ind1=" " ind2=" "><subfield code="a">(OCoLC)on1334719970</subfield></datafield><datafield tag="040" ind1=" " ind2=" "><subfield code="a">YDX</subfield><subfield code="b">eng</subfield><subfield code="e">rda</subfield><subfield code="c">YDX</subfield><subfield code="d">PUL</subfield></datafield><datafield tag="042" ind1=" " ind2=" "><subfield code="a">pcc</subfield></datafield><datafield tag="050" ind1=" " ind2="4"><subfield code="a">QH581.2 .E78</subfield><subfield code="b">2023</subfield></datafield><datafield tag="100" ind1="1" ind2=" "><subfield code="a">Alberts, Bruce,</subfield><subfield code="e">author.</subfield></datafield><datafield tag="245" ind1="1" ind2="0"><subfield code="a">Essential cell biology /</subfield><subfield code="c">Bruce Alberts, Rebecca Heald, Karen Hopkin, Alexander Johnson, David Morgan, Keith Roberts, Peter Walter.</subfield></datafield><datafield tag="250" ind1=" " ind2=" "><subfield code="a">Sixth edition.</subfield></datafield><datafield tag="264" ind1=" " ind2="1"><subfield code="a">New York :</subfield><subfield code="b">W.W. Norton &amp; Company,</subfield><subfield code="c">[2023]</subfield></datafield><datafield tag="264" ind1=" " ind2="4"><subfield code="c">©2023, ©2019</subfield></datafield><datafield tag="300" ind1=" " ind2=" "><subfield code="a">1 volume (various paging) :</subfield><subfield code="b">illustrations (some color), color maps ;</subfield><subfield code="c">28 cm</subfield></datafield><datafield tag="336" ind1=" " ind2=" "><subfield code="a">text</subfield><subfield code="b">txt</subfield><subfield code="2">rdacontent</subfield></datafield><datafield tag="337" ind1=" " ind2=" "><subfield code="a">unmediated</subfield><subfield code="b">n</subfield><subfield code="2">rdamedia</subfield></datafield><datafield tag="338" ind1=" " ind2=" "><subfield code="a">volume</subfield><subfield code="b">nc</subfield><subfield code="2">rdacarrier</subfield></datafield><datafield tag="504" ind1=" " ind2=" "><subfield code="a">Includes index.</subfield></datafield><datafield tag="505" ind1="0" ind2=" "><subfield code="a">Cells: the fundamental units of life -- Chemical components of cells -- Energy, catalysis, and biosynthesis -- Protein structure and function -- DNA and chromosomes -- DNA replication and repair -- From DNA to protein: how cells read the genome -- Control of gene expression -- How genes and genomes evolve -- Analyzing the structure and function of genes-- Membrane structure -- Transport across cell membranes -- How cells obtain energy from food -- Energy generation in mitochondria and chloroplasts -- Intracellular compartments and protein transport -- Cell signaling -- Cytoskeleton -- The cell cycle -- Sexual reproduction and genetics -- Cell communities: tissues, stem cells, and cancer.</subfield></datafield><datafield tag="650" ind1=" " ind2="0"><subfield code="a">Cytology</subfield><subfield code="v">Textbooks.</subfield></datafield><datafield tag="650" ind1=" " ind2="0"><subfield code="a">Molecular biology</subfield><subfield code="v">Textbooks.</subfield></datafield><datafield tag="650" ind1=" " ind2="0"><subfield code="a">Biochemistry</subfield><subfield code="v">Textbooks.</subfield></datafield><datafield tag="650" ind1=" " ind2="0"><subfield code="a">Cell physiology</subfield><subfield code="v">Textbooks.</subfield></datafield><datafield tag="655" ind1=" " ind2="7"><subfield code="a">Textbooks.</subfield><subfield code="2">lcgft</subfield></datafield><datafield tag="700" ind1="1" ind2=" "><subfield code="a">Heald, Rebecca,</subfield><subfield code="d">1963-</subfield><subfield code="e">author.</subfield></datafield><datafield tag="700" ind1="1" ind2=" "><subfield code="a">Hopkin, Karen,</subfield><subfield code="e">author.</subfield></datafield><datafield tag="700" ind1="1" ind2=" "><subfield code="a">Johnson, Alexander</subfield><subfield code="q">(Alexander D.),</subfield><subfield code="e">author.</subfield></datafield><datafield tag="700" ind1="1" ind2=" "><subfield code="a">Morgan, David,</subfield><subfield code="d">1958-</subfield><subfield code="e">author.</subfield></datafield><datafield tag="700" ind1="1" ind2=" "><subfield code="a">Roberts, K.</subfield><subfield code="q">(Keith),</subfield><subfield code="e">author.</subfield></datafield><datafield tag="700" ind1="1" ind2=" "><subfield code="a">Walter, Peter</subfield><subfield code="c">(Professor)</subfield><subfield code="e">author.</subfield></datafield><datafield tag="775" ind1="0" ind2="8"><subfield code="i">Revision of (manifestation):</subfield><subfield code="a">Alberts, Bruce.</subfield><subfield code="t">Essential cell biology.</subfield><subfield code="b">Fifth edition.</subfield><subfield code="d">New York ; London : W.W. Norton &amp; Company, [2019]</subfield><subfield code="z">9780393679533</subfield><subfield code="w">(DLC)  2018036121</subfield><subfield code="w">(OCoLC)1048014962</subfield></datafield><datafield tag="902" ind1=" " ind2=" "><subfield code="a">940007607</subfield><subfield code="w">original</subfield><subfield code="1">20230707125012.0</subfield><subfield code="2">pcc</subfield></datafield><datafield tag="914" ind1=" " ind2=" "><subfield code="a">(OCoLC)on1334719970</subfield><subfield code="b">OCoLC</subfield><subfield code="c">match</subfield><subfield code="d">20240501</subfield><subfield code="e">processed</subfield><subfield code="f">1334719970</subfield></datafield><datafield tag="950" ind1=" " ind2=" "><subfield code="c">2024-05-02 07:34:57 US/Eastern</subfield><subfield code="b">2023-06-06 14:37:24 US/Eastern</subfield><subfield code="a">false</subfield></datafield><datafield tag="852" ind1="0" ind2=" "><subfield code="b">lewis</subfield><subfield code="c">stacks</subfield><subfield code="h">QH581.2 .E78</subfield><subfield code="i">2023</subfield><subfield code="8">22982750920006421</subfield></datafield><datafield tag="952" ind1=" " ind2=" "><subfield code="d">2023-07-07 16:51:09</subfield><subfield code="8">22982750920006421</subfield><subfield code="a">2023-06-06 18:47:01</subfield><subfield code="b">Lewis Library</subfield><subfield code="c">Stacks: Lewis Library</subfield><subfield code="e">false</subfield></datafield><datafield tag="876" ind1=" " ind2=" "><subfield code="0">22982750920006421</subfield><subfield code="j">1</subfield><subfield code="z">res</subfield><subfield code="p">32101116581826</subfield><subfield code="t">4</subfield><subfield code="a">23982750890006421</subfield><subfield code="d">2023-06-06 14:47:16 US/Eastern</subfield><subfield code="q">2023-07-06 12:48:21 US/Eastern</subfield><subfield code="y">engineer</subfield></datafield><datafield tag="876" ind1=" " ind2=" "><subfield code="0">22982750920006421</subfield><subfield code="j">1</subfield><subfield code="z">res</subfield><subfield code="p">32101116581834</subfield><subfield code="t">3</subfield><subfield code="a">23982750910006421</subfield><subfield code="d">2023-06-06 14:47:01 US/Eastern</subfield><subfield code="q">2023-07-06 12:46:51 US/Eastern</subfield><subfield code="y">engineer</subfield></datafield><datafield tag="876" ind1=" " ind2=" "><subfield code="0">22982750920006421</subfield><subfield code="j">1</subfield><subfield code="z">res</subfield><subfield code="p">32101125052645</subfield><subfield code="t">1</subfield><subfield code="a">231083343140006421</subfield><subfield code="d">2025-08-15 14:47:02 US/Eastern</subfield><subfield code="q">2025-08-26 11:25:40 US/Eastern</subfield><subfield code="y">engineer</subfield></datafield><datafield tag="876" ind1=" " ind2=" "><subfield code="0">22982750920006421</subfield><subfield code="j">1</subfield><subfield code="z">res</subfield><subfield code="p">32101125052652</subfield><subfield code="t">2</subfield><subfield code="a">231083343150006421</subfield><subfield code="d">2025-08-15 14:47:02 US/Eastern</subfield><subfield code="q">2025-08-26 11:25:54 US/Eastern</subfield><subfield code="y">engineer</subfield></datafield><datafield tag="876" ind1=" " ind2=" "><subfield code="0">22982750920006421</subfield><subfield code="j">1</subfield><subfield code="z">res</subfield><subfield code="p">32101116581842</subfield><subfield code="t">2</subfield><subfield code="a">23982750900006421</subfield><subfield code="d">2023-06-06 14:47:16 US/Eastern</subfield><subfield code="q">2023-07-06 12:48:49 US/Eastern</subfield><subfield code="y">engineer</subfield></datafield><datafield tag="876" ind1=" " ind2=" "><subfield code="0">22982750920006421</subfield><subfield code="j">1</subfield><subfield code="z">res</subfield><subfield code="p">32101116581859</subfield><subfield code="t">1</subfield><subfield code="a">23982750880006421</subfield><subfield code="d">2023-06-06 14:47:16 US/Eastern</subfield><subfield code="q">2023-07-06 12:47:21 US/Eastern</subfield><subfield code="y">engineer</subfield></datafield></record>