<record><leader>01020pam a22003014a 4500</leader><controlfield tag="005">20240711065043.0</controlfield><controlfield tag="008">060118s2006    nyu      b    001 0 eng  </controlfield><controlfield tag="001">9947317293506421</controlfield><datafield tag="010" ind1=" " ind2=" "><subfield code="a">  2006001840</subfield></datafield><datafield tag="020" ind1=" " ind2=" "><subfield code="a">1594031428</subfield></datafield><datafield tag="024" ind1="3" ind2=" "><subfield code="a">9781594031427</subfield></datafield><datafield tag="035" ind1=" " ind2=" "><subfield code="a">(NjP)4731729-princetondb</subfield></datafield><datafield tag="035" ind1=" " ind2=" "><subfield code="z">(NjP)Voyager4731729</subfield></datafield><datafield tag="035" ind1=" " ind2=" "><subfield code="a">(OCoLC)ocm63178867</subfield></datafield><datafield tag="040" ind1=" " ind2=" "><subfield code="a">DLC</subfield><subfield code="b">eng</subfield><subfield code="c">DLC</subfield><subfield code="d">BAKER</subfield><subfield code="d">C#P</subfield></datafield><datafield tag="042" ind1=" " ind2=" "><subfield code="a">pcc</subfield></datafield><datafield tag="050" ind1="0" ind2="0"><subfield code="a">BJ1533.H8</subfield><subfield code="b">B69 2006</subfield></datafield><datafield tag="082" ind1="0" ind2="0"><subfield code="a">179/.9</subfield><subfield code="2">22</subfield></datafield><datafield tag="100" ind1="1" ind2=" "><subfield code="a">Bowman, James,</subfield><subfield code="d">1948-</subfield><subfield code="0">http://id.loc.gov/authorities/names/n2006003768</subfield></datafield><datafield tag="245" ind1="1" ind2="0"><subfield code="a">Honor :</subfield><subfield code="b">a history /</subfield><subfield code="c">James Bowman.</subfield></datafield><datafield tag="250" ind1=" " ind2=" "><subfield code="a">1st ed.</subfield></datafield><datafield tag="260" ind1=" " ind2=" "><subfield code="a">New York :</subfield><subfield code="b">Encounter Books,</subfield><subfield code="c">2006.</subfield></datafield><datafield tag="300" ind1=" " ind2=" "><subfield code="a">381 p. ;</subfield><subfield code="c">24 cm.</subfield></datafield><datafield tag="504" ind1=" " ind2=" "><subfield code="a">Includes bibliographical references (p. 329-359) and index.</subfield></datafield><datafield tag="650" ind1=" " ind2="0"><subfield code="a">Honor.</subfield><subfield code="0">http://id.loc.gov/authorities/subjects/sh85061884</subfield></datafield><datafield tag="902" ind1=" " ind2=" "><subfield code="a">yj</subfield><subfield code="b">s</subfield><subfield code="6">a</subfield><subfield code="7">m</subfield><subfield code="d">v</subfield><subfield code="f">1</subfield><subfield code="e">20060601</subfield></datafield><datafield tag="904" ind1=" " ind2=" "><subfield code="a">yj</subfield><subfield code="b">a</subfield><subfield code="h">m</subfield><subfield code="c">b</subfield><subfield code="e">20060601</subfield></datafield><datafield tag="914" ind1=" " ind2=" "><subfield code="a">(OCoLC)ocm63178867</subfield><subfield code="b">OCoLC</subfield><subfield code="c">match</subfield><subfield code="d">20240703</subfield><subfield code="e">processed</subfield><subfield code="f">63178867</subfield></datafield><datafield tag="950" ind1=" " ind2=" "><subfield code="c">2024-07-11 06:50:43 US/Eastern</subfield><subfield code="b">2021-07-12 23:29:42 US/Eastern</subfield><subfield code="a">false</subfield></datafield><datafield tag="852" ind1="0" ind2=" "><subfield code="b">firestone</subfield><subfield code="c">stacks</subfield><subfield code="h">BJ1533.H8</subfield><subfield code="i">B69 2006</subfield><subfield code="8">22644494290006421</subfield></datafield><datafield tag="952" ind1=" " ind2=" "><subfield code="a">2021-07-13 03:29:42</subfield><subfield code="8">22644494290006421</subfield><subfield code="b">Firestone Library</subfield><subfield code="c">stacks: Firestone Library</subfield><subfield code="e">false</subfield></datafield><datafield tag="876" ind1=" " ind2=" "><subfield code="0">22644494290006421</subfield><subfield code="j">0</subfield><subfield code="x">LOAN</subfield><subfield code="z">stacks</subfield><subfield code="p">32101058802776</subfield><subfield code="t">1</subfield><subfield code="a">23644494280006421</subfield><subfield code="d">2006-05-31 20:00:00 US/Eastern</subfield><subfield code="q">2006-06-01 06:59:00 US/Eastern</subfield><subfield code="y">firestone</subfield></datafield></record>