<record><leader>01375cam a2200337Ii 4500</leader><controlfield tag="005">20240509071419.0</controlfield><controlfield tag="008">150422t20162016njua     b    001 0 eng d</controlfield><controlfield tag="001">9992886013506421</controlfield><datafield tag="020" ind1=" " ind2=" "><subfield code="a">9780691159225</subfield></datafield><datafield tag="020" ind1=" " ind2=" "><subfield code="a">069115922X</subfield></datafield><datafield tag="035" ind1=" " ind2=" "><subfield code="a">(NjP)9288601-princetondb</subfield></datafield><datafield tag="035" ind1=" " ind2=" "><subfield code="z">(NjP)Voyager9288601</subfield></datafield><datafield tag="035" ind1=" " ind2=" "><subfield code="a">(OCoLC)ocn908084019</subfield></datafield><datafield tag="040" ind1=" " ind2=" "><subfield code="a">BTCTA</subfield><subfield code="b">eng</subfield><subfield code="e">rda</subfield><subfield code="c">BTCTA</subfield><subfield code="d">BDX</subfield><subfield code="d">YDXCP</subfield><subfield code="d">MYG</subfield><subfield code="d">NDD</subfield><subfield code="d">NjP</subfield></datafield><datafield tag="043" ind1=" " ind2=" "><subfield code="a">n-us---</subfield></datafield><datafield tag="050" ind1="1" ind2="4"><subfield code="a">P95.82.U6</subfield><subfield code="b">M37 2016</subfield></datafield><datafield tag="100" ind1="1" ind2=" "><subfield code="a">Margetts, Helen,</subfield><subfield code="e">author.</subfield><subfield code="0">http://id.loc.gov/authorities/names/no94002890</subfield></datafield><datafield tag="245" ind1="1" ind2="0"><subfield code="a">Political turbulence :</subfield><subfield code="b">how social media shape collective action /</subfield><subfield code="c">Helen Margetts [and three others].</subfield></datafield><datafield tag="264" ind1=" " ind2="1"><subfield code="a">Princeton, New Jersey :</subfield><subfield code="b">Princeton University Press,</subfield><subfield code="c">[2016].</subfield></datafield><datafield tag="264" ind1=" " ind2="4"><subfield code="c">©2016</subfield></datafield><datafield tag="300" ind1=" " ind2=" "><subfield code="a">xv, 279 :</subfield><subfield code="b">illustrations ;</subfield><subfield code="c">25 cm</subfield></datafield><datafield tag="336" ind1=" " ind2=" "><subfield code="a">text</subfield><subfield code="b">txt</subfield><subfield code="2">rdacontent</subfield></datafield><datafield tag="337" ind1=" " ind2=" "><subfield code="a">unmediated</subfield><subfield code="b">n</subfield><subfield code="2">rdamedia</subfield></datafield><datafield tag="338" ind1=" " ind2=" "><subfield code="a">volume</subfield><subfield code="b">nc</subfield><subfield code="2">rdacarrier</subfield></datafield><datafield tag="504" ind1=" " ind2=" "><subfield code="a">Includes bibliographical references (pages 251-269) and index.</subfield></datafield><datafield tag="650" ind1=" " ind2="0"><subfield code="a">Social media</subfield><subfield code="z">United States.</subfield></datafield><datafield tag="650" ind1=" " ind2="0"><subfield code="a">Digital media</subfield><subfield code="x">Political aspects</subfield><subfield code="z">United States.</subfield></datafield><datafield tag="650" ind1=" " ind2="0"><subfield code="a">Political participation</subfield><subfield code="z">United States.</subfield><subfield code="0">http://id.loc.gov/authorities/subjects/sh2008109399</subfield></datafield><datafield tag="902" ind1=" " ind2=" "><subfield code="a">dws</subfield><subfield code="b">m</subfield><subfield code="6">a</subfield><subfield code="7">m</subfield><subfield code="d">v</subfield><subfield code="f">1</subfield><subfield code="e">20151130</subfield></datafield><datafield tag="904" ind1=" " ind2=" "><subfield code="a">msw</subfield><subfield code="b">g</subfield><subfield code="h">m</subfield><subfield code="c">b</subfield><subfield code="e">20151125</subfield></datafield><datafield tag="914" ind1=" " ind2=" "><subfield code="a">(OCoLC)ocn908084019</subfield><subfield code="b">OCoLC</subfield><subfield code="c">match</subfield><subfield code="d">20240508</subfield><subfield code="e">processed</subfield><subfield code="f">908084019</subfield></datafield><datafield tag="950" ind1=" " ind2=" "><subfield code="c">2024-05-09 07:14:19 US/Eastern</subfield><subfield code="b">2021-07-13 00:32:33 US/Eastern</subfield><subfield code="a">false</subfield></datafield><datafield tag="852" ind1="0" ind2="0"><subfield code="b">firestone</subfield><subfield code="c">stacks</subfield><subfield code="h">P95.82.U6</subfield><subfield code="i">M37 2016</subfield><subfield code="8">22655839960006421</subfield></datafield><datafield tag="952" ind1=" " ind2=" "><subfield code="a">2021-07-13 04:32:33</subfield><subfield code="8">22655839960006421</subfield><subfield code="b">Firestone Library</subfield><subfield code="c">stacks: Firestone Library</subfield><subfield code="e">false</subfield></datafield><datafield tag="876" ind1=" " ind2=" "><subfield code="0">22655839960006421</subfield><subfield code="j">1</subfield><subfield code="z">stacks</subfield><subfield code="p">32101095442073</subfield><subfield code="t">1</subfield><subfield code="a">23655839900006421</subfield><subfield code="d">2015-11-24 19:00:00 US/Eastern</subfield><subfield code="q">2015-11-25 05:59:00 US/Eastern</subfield><subfield code="y">firestone</subfield></datafield></record>