<record><leader>03506cam a2200481 i 4500</leader><controlfield tag="005">20240718130937.0</controlfield><controlfield tag="008">200511s2019    ru acfh       000 0brus c</controlfield><controlfield tag="001">99121115553506421</controlfield><datafield tag="020" ind1=" " ind2=" "><subfield code="a">9785906341242</subfield></datafield><datafield tag="020" ind1=" " ind2=" "><subfield code="a">5906341242</subfield></datafield><datafield tag="035" ind1=" " ind2=" "><subfield code="a">(NjP)12111555-princetondb</subfield></datafield><datafield tag="035" ind1=" " ind2=" "><subfield code="z">(NjP)Voyager12111555</subfield></datafield><datafield tag="035" ind1=" " ind2=" "><subfield code="z">(NjP)Voyager12111555</subfield></datafield><datafield tag="035" ind1=" " ind2=" "><subfield code="a">(OCoLC)on1193189334</subfield></datafield><datafield tag="040" ind1=" " ind2=" "><subfield code="a">HUL</subfield><subfield code="b">eng</subfield><subfield code="e">rda</subfield><subfield code="c">HUL</subfield><subfield code="d">OCLCQ</subfield><subfield code="d">IUL</subfield><subfield code="d">OCLCF</subfield><subfield code="d">OCLCO</subfield></datafield><datafield tag="042" ind1=" " ind2=" "><subfield code="a">pcc</subfield></datafield><datafield tag="043" ind1=" " ind2=" "><subfield code="a">e-ur---</subfield></datafield><datafield tag="050" ind1=" " ind2="4"><subfield code="a">DK268.K294</subfield><subfield code="b">V47 2019</subfield></datafield><datafield tag="100" ind1="1" ind2=" "><subfield code="6">880-01</subfield><subfield code="a">Verevkin, Sergeĭ,</subfield><subfield code="e">author.</subfield></datafield><datafield tag="880" ind1="1" ind2=" "><subfield code="6">100-01</subfield><subfield code="a">Веревкин, Сергей,</subfield><subfield code="e">author.</subfield></datafield><datafield tag="245" ind1="1" ind2="0"><subfield code="6">880-02</subfield><subfield code="a">Bronislav Kaminskiĭ :</subfield><subfield code="b">"Vzbesivshiĭsi︠a︡ agent", stavshiĭ, bylo, Kombrigom Vtoroĭ Grazhdanskoĭ.</subfield></datafield><datafield tag="880" ind1="1" ind2="0"><subfield code="6">245-02</subfield><subfield code="a">Бронислав Каминский :</subfield><subfield code="b">"Взбесившийся агент", ставший, было, Комбригом Второй Гражданской.</subfield></datafield><datafield tag="246" ind1="3" ind2="0"><subfield code="6">880-03</subfield><subfield code="a">"Vzbesivshiĭsi︠a︡ agent", stavshiĭ, bylo, Kombrigom Vtoroĭ Grazhdanskoĭ</subfield></datafield><datafield tag="880" ind1="3" ind2="0"><subfield code="6">246-03</subfield><subfield code="a">"Взбесившийся агент", ставший, было, Комбригом Второй Гражданской</subfield></datafield><datafield tag="264" ind1=" " ind2="1"><subfield code="6">880-04</subfield><subfield code="a">Ufa :</subfield><subfield code="b">A.A. Slovokhotov,</subfield><subfield code="c">2019.</subfield></datafield><datafield tag="880" ind1=" " ind2="1"><subfield code="6">264-04</subfield><subfield code="a">Уфа :</subfield><subfield code="b">А.А. Словохотов,</subfield><subfield code="c">2019.</subfield></datafield><datafield tag="300" ind1=" " ind2=" "><subfield code="a">640 pages, 80 unnumbered pages of plates :</subfield><subfield code="b">illustrations, portraits, facsimiles ;</subfield><subfield code="c">17 cm</subfield></datafield><datafield tag="336" ind1=" " ind2=" "><subfield code="a">text</subfield><subfield code="b">txt</subfield><subfield code="2">rdacontent</subfield></datafield><datafield tag="337" ind1=" " ind2=" "><subfield code="a">unmediated</subfield><subfield code="b">n</subfield><subfield code="2">rdamedia</subfield></datafield><datafield tag="338" ind1=" " ind2=" "><subfield code="a">volume</subfield><subfield code="b">nc</subfield><subfield code="2">rdacarrier</subfield></datafield><datafield tag="588" ind1=" " ind2=" "><subfield code="a">Non-Latin script generated programmatically.</subfield></datafield><datafield tag="504" ind1=" " ind2=" "><subfield code="a">Includes bibliographical references (pages 624-634).</subfield></datafield><datafield tag="600" ind1="1" ind2="0"><subfield code="6">880-05</subfield><subfield code="a">Kaminski, Bronislav,</subfield><subfield code="d">1899-1944.</subfield></datafield><datafield tag="880" ind1="1" ind2="4"><subfield code="6">600-05</subfield><subfield code="a">Каминский, Бронислав,</subfield><subfield code="d">1899-1944.</subfield></datafield><datafield tag="650" ind1=" " ind2="0"><subfield code="a">World War, 1939-1945</subfield><subfield code="x">Collaborationists</subfield><subfield code="z">Soviet Union</subfield><subfield code="v">Biography.</subfield></datafield><datafield tag="650" ind1=" " ind2="7"><subfield code="a">Collaborationists.</subfield><subfield code="2">fast</subfield><subfield code="0">(OCoLC)fst00867081</subfield></datafield><datafield tag="651" ind1=" " ind2="7"><subfield code="a">Soviet Union.</subfield><subfield code="2">fast</subfield><subfield code="0">(OCoLC)fst01210281</subfield></datafield><datafield tag="647" ind1=" " ind2="7"><subfield code="a">World War</subfield><subfield code="d">(1939-1945)</subfield><subfield code="2">fast</subfield><subfield code="0">(OCoLC)fst01180924</subfield></datafield><datafield tag="648" ind1=" " ind2="7"><subfield code="a">1939-1945</subfield><subfield code="2">fast</subfield></datafield><datafield tag="655" ind1=" " ind2="7"><subfield code="a">Biographies.</subfield><subfield code="2">fast</subfield><subfield code="0">(OCoLC)fst01919896</subfield></datafield><datafield tag="655" ind1=" " ind2="7"><subfield code="a">Biographies.</subfield><subfield code="2">lcgft</subfield></datafield><datafield tag="904" ind1=" " ind2=" "><subfield code="a">dls</subfield><subfield code="b">a</subfield><subfield code="h">m</subfield><subfield code="c">b</subfield><subfield code="e">20201118</subfield></datafield><datafield tag="914" ind1=" " ind2=" "><subfield code="a">(OCoLC)on1193189334</subfield><subfield code="b">OCoLC</subfield><subfield code="c">match</subfield><subfield code="d">20240710</subfield><subfield code="e">processed</subfield><subfield code="f">1193189334</subfield></datafield><datafield tag="950" ind1=" " ind2=" "><subfield code="c">2024-09-12 06:05:29 US/Eastern</subfield><subfield code="b">2021-07-12 14:39:12 US/Eastern</subfield><subfield code="a">false</subfield></datafield><datafield tag="852" ind1="0" ind2=" "><subfield code="b">recap</subfield><subfield code="c">pa</subfield><subfield code="h">DK268.K294</subfield><subfield code="i">V47 2019</subfield><subfield code="8">22548475610006421</subfield></datafield><datafield tag="952" ind1=" " ind2=" "><subfield code="d">2022-03-11 13:52:48</subfield><subfield code="8">22548475610006421</subfield><subfield code="a">2021-07-12 18:39:12</subfield><subfield code="b">ReCAP</subfield><subfield code="c">rcppa: RECAP</subfield><subfield code="e">false</subfield></datafield><datafield tag="876" ind1=" " ind2=" "><subfield code="0">22548475610006421</subfield><subfield code="j">0</subfield><subfield code="x">ILL</subfield><subfield code="z">IN_RS_REQ</subfield><subfield code="p">32101108950062</subfield><subfield code="t">1</subfield><subfield code="a">23548475600006421</subfield><subfield code="d">2020-11-17 19:00:00 US/Eastern</subfield><subfield code="q">2020-11-18 08:52:38 US/Eastern</subfield><subfield code="y">RES_SHARE</subfield></datafield></record>