<record><leader>01674cam a2200337   4500</leader><controlfield tag="005">20260304211912.0</controlfield><controlfield tag="008">780322s1774    pau           000 0 eng  </controlfield><controlfield tag="001">9914189023506421</controlfield><datafield tag="010" ind1=" " ind2=" "><subfield code="a">   32014798  </subfield></datafield><datafield tag="019" ind1=" " ind2=" "><subfield code="a">6630935</subfield></datafield><datafield tag="035" ind1=" " ind2=" "><subfield code="9">CEG3327TS</subfield></datafield><datafield tag="035" ind1=" " ind2=" "><subfield code="a">(NjP)1418902-princetondb</subfield></datafield><datafield tag="035" ind1=" " ind2=" "><subfield code="z">(OCoLC)6630935</subfield></datafield><datafield tag="035" ind1=" " ind2=" "><subfield code="z">(NjP)Voyager1418902</subfield></datafield><datafield tag="035" ind1=" " ind2=" "><subfield code="a">(OCoLC)ocm03739583</subfield></datafield><datafield tag="040" ind1=" " ind2=" "><subfield code="a">DLC</subfield><subfield code="b">eng</subfield><subfield code="c">PHA</subfield><subfield code="d">SBH</subfield><subfield code="d">PUL</subfield></datafield><datafield tag="050" ind1="0" ind2=" "><subfield code="a">RC81</subfield><subfield code="b">.B9 1774</subfield></datafield><datafield tag="082" ind1=" " ind2=" "><subfield code="a">616.02</subfield></datafield><datafield tag="096" ind1=" " ind2=" "><subfield code="a">WZ 260 B918d 1774</subfield></datafield><datafield tag="100" ind1="1" ind2=" "><subfield code="a">Buchan, William,</subfield><subfield code="d">1729-1805.</subfield><subfield code="0">http://id.loc.gov/authorities/names/n82060399</subfield></datafield><datafield tag="245" ind1="1" ind2="0"><subfield code="a">Domestic medicine; or, The family physician :</subfield><subfield code="b">being an attempt to render the medical art more generally useful, by shewing people what is in their own power both with respect to the prevention and cure of diseases. Chiefly calculated to recommend a proper attention to regimen and simple medicines.</subfield><subfield code="c">By William Buchan, M. D.</subfield></datafield><datafield tag="250" ind1=" " ind2=" "><subfield code="a">2d American ed.,</subfield><subfield code="b">with considerable additions, by the author.</subfield></datafield><datafield tag="260" ind1=" " ind2=" "><subfield code="a">Philadelphia :</subfield><subfield code="b">Printed by Joseph Crukshank, for R. Aitken,</subfield><subfield code="c">1774.</subfield></datafield><datafield tag="300" ind1=" " ind2=" "><subfield code="a">xxiv, 461 p.</subfield><subfield code="c">21 cm.</subfield></datafield><datafield tag="500" ind1=" " ind2=" "><subfield code="a">Signatures: [a]-c⁴, B-Z⁴, Aa-Zz⁴, Aaa-Nnn⁴ (Nnn₄ blank).</subfield></datafield><datafield tag="510" ind1="4" ind2=" "><subfield code="a">ESTC</subfield><subfield code="c">W30922</subfield></datafield><datafield tag="561" ind1=" " ind2=" "><subfield code="3">ReCAP copy:</subfield><subfield code="a">Inscribed on title page 'Peter Schenk' and 'Joseph Bullock bought of Schenk'; inscribed on page [iii] 'Joseph Bullock Cost 4 dollars' and 'Peter Schenk Cost 4 dollars'.</subfield><subfield code="5">NjP</subfield></datafield><datafield tag="650" ind1=" " ind2="0"><subfield code="a">Medicine, Popular.</subfield><subfield code="0">http://id.loc.gov/authorities/subjects/sh85083161</subfield></datafield><datafield tag="911" ind1=" " ind2=" "><subfield code="a">19990113</subfield></datafield><datafield tag="914" ind1=" " ind2=" "><subfield code="a">(OCoLC)ocm03739583</subfield><subfield code="b">OCoLC</subfield><subfield code="c">match</subfield><subfield code="d">20251105</subfield><subfield code="e">processed</subfield><subfield code="f">3739583</subfield></datafield><datafield tag="947" ind1=" " ind2=" "><subfield code="a">CEG3327</subfield></datafield><datafield tag="950" ind1=" " ind2=" "><subfield code="c">2026-03-04 21:19:12 US/Eastern</subfield><subfield code="b">2021-07-12 15:13:59 US/Eastern</subfield><subfield code="a">false</subfield></datafield><datafield tag="583" ind1="1" ind2=" "><subfield code="a">committed to retain</subfield><subfield code="c">20170930</subfield><subfield code="d">20421231</subfield><subfield code="f">HathiTrust</subfield><subfield code="5">NjP</subfield><subfield code="8">22554883530006421</subfield></datafield><datafield tag="852" ind1="8" ind2="0"><subfield code="b">rare</subfield><subfield code="c">xr</subfield><subfield code="h">8965.219</subfield><subfield code="8">22554883530006421</subfield></datafield><datafield tag="952" ind1=" " ind2=" "><subfield code="d">2023-11-07 19:14:30</subfield><subfield code="8">22554883530006421</subfield><subfield code="a">2021-07-12 19:13:59</subfield><subfield code="b">Special Collections</subfield><subfield code="c">rcpxr: Rare Books Remote Storage (ReCAP)</subfield><subfield code="e">false</subfield></datafield><datafield tag="876" ind1=" " ind2=" "><subfield code="0">22554883530006421</subfield><subfield code="j">1</subfield><subfield code="z">xr</subfield><subfield code="r">Hathi</subfield><subfield code="p">32101037427554</subfield><subfield code="t">1</subfield><subfield code="a">23554883520006421</subfield><subfield code="d">2000-06-12 20:00:00 US/Eastern</subfield><subfield code="q">2000-06-13 06:59:00 US/Eastern</subfield><subfield code="y">rare</subfield></datafield></record>