<record><leader>01943cas a2200385 a 4500</leader><controlfield tag="005">20240904114331.0</controlfield><controlfield tag="008">870126c19859999cc br p       0   e0chi d</controlfield><controlfield tag="001">9930845863506421</controlfield><datafield tag="022" ind1=" " ind2=" "><subfield code="a">1001-0483</subfield></datafield><datafield tag="035" ind1=" " ind2=" "><subfield code="a">(CStRLIN)NJPX87-S26</subfield></datafield><datafield tag="035" ind1=" " ind2=" "><subfield code="a">(NjP)3084586-princetondb</subfield></datafield><datafield tag="035" ind1=" " ind2=" "><subfield code="a">(OCoLC)ocm24136137</subfield></datafield><datafield tag="035" ind1=" " ind2=" "><subfield code="z">(NjP)Voyager3084586</subfield></datafield><datafield tag="040" ind1=" " ind2=" "><subfield code="a">NNC</subfield><subfield code="b">eng</subfield><subfield code="c">NNC</subfield><subfield code="d">NjP-G</subfield><subfield code="d">CStRLIN</subfield></datafield><datafield tag="043" ind1=" " ind2=" "><subfield code="a">a-cc---</subfield></datafield><datafield tag="066" ind1=" " ind2=" "><subfield code="c">$1</subfield></datafield><datafield tag="090" ind1=" " ind2=" "><subfield code="a">DS781</subfield><subfield code="b">.P44</subfield></datafield><datafield tag="245" ind1="0" ind2="0"><subfield code="6">880-01</subfield><subfield code="a">Bei fang wen wu =</subfield><subfield code="b">Northern cultural relics.</subfield></datafield><datafield tag="880" ind1="0" ind2="0"><subfield code="6">245-01/$1</subfield><subfield code="a">北方文物　=</subfield><subfield code="b">Northern cultural relics.</subfield></datafield><datafield tag="246" ind1="1" ind2="1"><subfield code="a">Northern cultural relics</subfield></datafield><datafield tag="260" ind1=" " ind2=" "><subfield code="6">880-02</subfield><subfield code="a">Ha'erbin :</subfield><subfield code="b">"Bei fang wen wu" za zhi she,</subfield><subfield code="c">1985-</subfield></datafield><datafield tag="880" ind1=" " ind2=" "><subfield code="6">260-02/$1</subfield><subfield code="a">哈尓滨　:</subfield><subfield code="b">《北方文物》杂志社，</subfield><subfield code="c">1985-</subfield></datafield><datafield tag="300" ind1=" " ind2=" "><subfield code="a">v. :</subfield><subfield code="b">ill. ;</subfield><subfield code="c">26 cm.</subfield></datafield><datafield tag="310" ind1=" " ind2=" "><subfield code="a">Bimonthly,</subfield><subfield code="b">2020-</subfield></datafield><datafield tag="321" ind1=" " ind2=" "><subfield code="a">Quarterly,</subfield><subfield code="b">1985-2019</subfield></datafield><datafield tag="362" ind1="0" ind2=" "><subfield code="6">880-03</subfield><subfield code="a">1985 nian di 1 qi = Zong di 1 qi (1985 nian 2 yue [Feb. 1985])-</subfield></datafield><datafield tag="880" ind1="0" ind2=" "><subfield code="6">362-03/$1</subfield><subfield code="a">1985年第1期　=　总第1期　（1985年2月　[Feb. 1985]）－</subfield></datafield><datafield tag="500" ind1=" " ind2=" "><subfield code="a">Title from cover.</subfield></datafield><datafield tag="583" ind1="1" ind2=" "><subfield code="a">Committed to retain</subfield><subfield code="d">in perpetuity</subfield><subfield code="f">ReCAP</subfield><subfield code="f">Chinese Serials Collaborative Collection</subfield><subfield code="5">[MH, NjP, NN, or NNC]</subfield><subfield code="u">http://arks.princeton.edu/ark:/88435/dcxg94j1575</subfield></datafield><datafield tag="651" ind1=" " ind2="0"><subfield code="a">Manchuria (China)</subfield><subfield code="x">History</subfield><subfield code="x">Periodicals.</subfield></datafield><datafield tag="651" ind1=" " ind2="0"><subfield code="a">Manchuria (China)</subfield><subfield code="x">Antiquities</subfield><subfield code="x">Periodicals.</subfield></datafield><datafield tag="780" ind1="0" ind2="0"><subfield code="6">880-04</subfield><subfield code="t">Heilongjiang wen wu cong kan</subfield></datafield><datafield tag="880" ind1="0" ind2="0"><subfield code="6">780-04/$1</subfield><subfield code="t">黑龙江文物丛刊</subfield></datafield><datafield tag="852" ind1=" " ind2=" "><subfield code="a">NjP-G</subfield><subfield code="b">C</subfield><subfield code="h">DS781</subfield><subfield code="i">.P44</subfield><subfield code="x">c.1 (no.41-44 1995) Gest A16914. 32101026926483</subfield><subfield code="x">c.1 (no.45-48 1996) 32101033220185</subfield><subfield code="x">CIN=FSW; OID=IC</subfield><subfield code="z">Library has: No.1 (1985)-56 (1998)</subfield></datafield><datafield tag="914" ind1=" " ind2=" "><subfield code="a">(OCoLC)ocm24136137</subfield><subfield code="b">OCoLC</subfield><subfield code="c">match</subfield><subfield code="d">20221117</subfield><subfield code="e">processed</subfield><subfield code="f">24136137</subfield></datafield><datafield tag="950" ind1=" " ind2=" "><subfield code="c">2024-09-04 11:43:31 US/Eastern</subfield><subfield code="b">2021-07-13 04:16:19 US/Eastern</subfield><subfield code="a">false</subfield></datafield><datafield tag="852" ind1="0" ind2=" "><subfield code="b">recap</subfield><subfield code="c">pa</subfield><subfield code="h">DS781</subfield><subfield code="i">.P44</subfield><subfield code="8">22695753090006421</subfield></datafield><datafield tag="866" ind1=" " ind2="0"><subfield code="a">No. 1 (1985)-no. 64 (2000)</subfield><subfield code="8">22695753090006421</subfield></datafield><datafield tag="952" ind1=" " ind2=" "><subfield code="d">2024-11-20 20:16:38</subfield><subfield code="8">22695753090006421</subfield><subfield code="a">2021-07-13 08:16:19</subfield><subfield code="b">ReCAP</subfield><subfield code="c">rcppa: RECAP</subfield><subfield code="e">false</subfield></datafield><datafield tag="852" ind1="0" ind2=" "><subfield code="b">eastasian</subfield><subfield code="c">cjk</subfield><subfield code="h">DS781</subfield><subfield code="i">.P44</subfield><subfield code="8">22695753480006421</subfield></datafield><datafield tag="866" ind1=" " ind2="0"><subfield code="a">No. 65 (2001)-no. 124 (2015) ; 2016 no. 1-2024 no. 6</subfield><subfield code="8">22695753480006421</subfield></datafield><datafield tag="866" ind1=" " ind2="0"><subfield code="z">LACKS: 2022 no. 2-3</subfield><subfield code="8">22695753480006421</subfield></datafield><datafield tag="866" ind1=" " ind2="0"><subfield code="z">CURRENT ISSUES IN: East Asian Library (Gest)</subfield><subfield code="8">22695753480006421</subfield></datafield><datafield tag="868" ind1=" " ind2="0"><subfield code="a">Index 1981-2013</subfield><subfield code="8">22695753480006421</subfield></datafield><datafield tag="868" ind1=" " ind2="0"><subfield code="z">INDEX NOT CIRCULATED&gt;.</subfield><subfield code="8">22695753480006421</subfield></datafield><datafield tag="952" ind1=" " ind2=" "><subfield code="d">2025-09-30 14:24:07</subfield><subfield code="8">22695753480006421</subfield><subfield code="a">2021-07-13 08:16:19</subfield><subfield code="b">East Asian Library</subfield><subfield code="c">cjk: East Asian Library</subfield><subfield code="e">false</subfield></datafield><datafield tag="876" ind1=" " ind2=" "><subfield code="0">22695753480006421</subfield><subfield code="j">1</subfield><subfield code="z">cjk</subfield><subfield code="a">231095502300006421</subfield><subfield code="3">2025, no. 3 </subfield><subfield code="d">2025-12-10 14:03:10 US/Eastern</subfield><subfield code="q">2025-12-10 14:03:10 US/Eastern</subfield><subfield code="y">eastasian</subfield></datafield><datafield tag="876" ind1=" " ind2=" "><subfield code="0">22695753480006421</subfield><subfield code="j">1</subfield><subfield code="z">cjk</subfield><subfield code="p">32101110233937</subfield><subfield code="a">23952909860006421</subfield><subfield code="3">2021 </subfield><subfield code="d">2021-09-13 20:00:00 US/Eastern</subfield><subfield code="q">2022-12-05 12:44:28 US/Eastern</subfield><subfield code="y">eastasian</subfield></datafield><datafield tag="876" ind1=" " ind2=" "><subfield code="0">22695753480006421</subfield><subfield code="j">1</subfield><subfield code="z">cjk</subfield><subfield code="p">32101115424564</subfield><subfield code="a">231024380280006421</subfield><subfield code="3">2022 no. 1, 4-6 </subfield><subfield code="d">2024-08-05 15:51:06 US/Eastern</subfield><subfield code="q">2024-08-05 15:51:33 US/Eastern</subfield><subfield code="y">eastasian</subfield></datafield><datafield tag="876" ind1=" " ind2=" "><subfield code="0">22695753480006421</subfield><subfield code="j">1</subfield><subfield code="z">cjk</subfield><subfield code="p">32101109619617</subfield><subfield code="a">231089414570006421</subfield><subfield code="3">2024 </subfield><subfield code="d">2025-09-30 10:24:45 US/Eastern</subfield><subfield code="q">2025-09-30 10:24:57 US/Eastern</subfield><subfield code="y">eastasian</subfield></datafield><datafield tag="876" ind1=" " ind2=" "><subfield code="0">22695753480006421</subfield><subfield code="j">1</subfield><subfield code="z">cjk</subfield><subfield code="p">32101108671833</subfield><subfield code="a">23898881780006421</subfield><subfield code="3">2018 </subfield><subfield code="d">2021-09-15 11:18:20 US/Eastern</subfield><subfield code="q">2021-09-15 10:06:37 US/Eastern</subfield><subfield code="y">eastasian</subfield></datafield><datafield tag="876" ind1=" " ind2=" "><subfield code="0">22695753480006421</subfield><subfield code="j">1</subfield><subfield code="z">cjk</subfield><subfield code="p">32101114087388</subfield><subfield code="a">231000900020006421</subfield><subfield code="3">2019 </subfield><subfield code="d">2023-11-14 12:40:02 US/Eastern</subfield><subfield code="q">2023-11-14 12:40:27 US/Eastern</subfield><subfield code="y">eastasian</subfield></datafield><datafield tag="876" ind1=" " ind2=" "><subfield code="0">22695753480006421</subfield><subfield code="j">1</subfield><subfield code="z">cjk</subfield><subfield code="p">32101108671817</subfield><subfield code="a">23898881930006421</subfield><subfield code="3">2016 </subfield><subfield code="d">2021-09-15 10:52:08 US/Eastern</subfield><subfield code="q">2021-09-15 10:06:07 US/Eastern</subfield><subfield code="y">eastasian</subfield></datafield><datafield tag="876" ind1=" " ind2=" "><subfield code="0">22695753090006421</subfield><subfield code="j">1</subfield><subfield code="z">pa</subfield><subfield code="p">32101078882113</subfield><subfield code="t">1</subfield><subfield code="a">23695752950006421</subfield><subfield code="3">no.21-24 1990</subfield><subfield code="d">2010-10-10 20:00:00 US/Eastern</subfield><subfield code="q">2010-10-11 06:59:00 US/Eastern</subfield><subfield code="y">recap</subfield></datafield><datafield tag="876" ind1=" " ind2=" "><subfield code="0">22695753480006421</subfield><subfield code="j">1</subfield><subfield code="z">cjk</subfield><subfield code="p">32101108671825</subfield><subfield code="a">23898881800006421</subfield><subfield code="3">2017 </subfield><subfield code="d">2021-09-15 11:12:13 US/Eastern</subfield><subfield code="q">2021-09-15 10:06:24 US/Eastern</subfield><subfield code="y">eastasian</subfield></datafield><datafield tag="876" ind1=" " ind2=" "><subfield code="0">22695753480006421</subfield><subfield code="j">0</subfield><subfield code="x">WORK_ORDER_DEPARTMENT</subfield><subfield code="z">cjk</subfield><subfield code="a">23971100270006421</subfield><subfield code="d">2023-05-02 13:36:45 US/Eastern</subfield><subfield code="q">2023-11-13 14:20:37 US/Eastern</subfield><subfield code="y">eastasian</subfield></datafield><datafield tag="876" ind1=" " ind2=" "><subfield code="0">22695753090006421</subfield><subfield code="j">1</subfield><subfield code="z">pa</subfield><subfield code="p">32101078882089</subfield><subfield code="t">1</subfield><subfield code="a">23695753000006421</subfield><subfield code="3">no.9-12 1987</subfield><subfield code="d">2006-04-12 20:00:00 US/Eastern</subfield><subfield code="q">2006-04-13 06:59:00 US/Eastern</subfield><subfield code="y">recap</subfield></datafield><datafield tag="876" ind1=" " ind2=" "><subfield code="0">22695753090006421</subfield><subfield code="j">1</subfield><subfield code="z">pa</subfield><subfield code="p">32101078882071</subfield><subfield code="t">1</subfield><subfield code="a">23695753010006421</subfield><subfield code="3">no.5-8 1986</subfield><subfield code="d">2005-02-10 19:00:00 US/Eastern</subfield><subfield code="q">2005-02-11 05:59:00 US/Eastern</subfield><subfield code="y">recap</subfield></datafield><datafield tag="876" ind1=" " ind2=" "><subfield code="0">22695753090006421</subfield><subfield code="j">1</subfield><subfield code="z">pa</subfield><subfield code="p">32101078882154</subfield><subfield code="t">1</subfield><subfield code="a">23695752890006421</subfield><subfield code="3">no.37-40 1994</subfield><subfield code="d">2005-02-14 19:00:00 US/Eastern</subfield><subfield code="q">2005-02-15 05:59:00 US/Eastern</subfield><subfield code="y">recap</subfield></datafield><datafield tag="876" ind1=" " ind2=" "><subfield code="0">22695753090006421</subfield><subfield code="j">1</subfield><subfield code="z">pa</subfield><subfield code="p">32101078882212</subfield><subfield code="t">1</subfield><subfield code="a">23695753030006421</subfield><subfield code="3">no.61-64 2000</subfield><subfield code="d">2001-08-15 20:00:00 US/Eastern</subfield><subfield code="q">2001-08-16 06:59:00 US/Eastern</subfield><subfield code="y">recap</subfield></datafield><datafield tag="876" ind1=" " ind2=" "><subfield code="0">22695753090006421</subfield><subfield code="j">1</subfield><subfield code="z">pa</subfield><subfield code="p">32101078882162</subfield><subfield code="t">1</subfield><subfield code="a">23695753020006421</subfield><subfield code="3">no.41-44 1995</subfield><subfield code="d">2004-08-02 20:00:00 US/Eastern</subfield><subfield code="q">2004-08-03 06:59:00 US/Eastern</subfield><subfield code="y">recap</subfield></datafield><datafield tag="876" ind1=" " ind2=" "><subfield code="0">22695753090006421</subfield><subfield code="j">1</subfield><subfield code="z">pa</subfield><subfield code="p">32101078882204</subfield><subfield code="t">1</subfield><subfield code="a">23695753040006421</subfield><subfield code="3">no.57-60 1999</subfield><subfield code="d">2001-01-08 19:00:00 US/Eastern</subfield><subfield code="q">2001-01-09 05:59:00 US/Eastern</subfield><subfield code="y">recap</subfield></datafield><datafield tag="876" ind1=" " ind2=" "><subfield code="0">22695753480006421</subfield><subfield code="j">1</subfield><subfield code="z">cjk</subfield><subfield code="p">32101108671841</subfield><subfield code="a">23898881730006421</subfield><subfield code="3">2020 </subfield><subfield code="d">2021-09-15 11:23:38 US/Eastern</subfield><subfield code="q">2021-09-15 10:06:56 US/Eastern</subfield><subfield code="y">eastasian</subfield></datafield><datafield tag="876" ind1=" " ind2=" "><subfield code="0">22695753480006421</subfield><subfield code="j">1</subfield><subfield code="z">cjk</subfield><subfield code="p">32101115486704</subfield><subfield code="a">23970872610006421</subfield><subfield code="3">2023 </subfield><subfield code="d">2023-05-01 14:13:18 US/Eastern</subfield><subfield code="q">2024-04-04 15:06:15 US/Eastern</subfield><subfield code="y">eastasian</subfield></datafield><datafield tag="876" ind1=" " ind2=" "><subfield code="0">22695753480006421</subfield><subfield code="j">1</subfield><subfield code="z">cjk</subfield><subfield code="a">231069915580006421</subfield><subfield code="3">2025, no. 1 (2025)</subfield><subfield code="d">2025-05-29 15:03:51 US/Eastern</subfield><subfield code="q">2025-05-29 15:03:51 US/Eastern</subfield><subfield code="y">eastasian</subfield></datafield><datafield tag="876" ind1=" " ind2=" "><subfield code="0">22695753480006421</subfield><subfield code="j">1</subfield><subfield code="z">cjk</subfield><subfield code="p">32101075957215</subfield><subfield code="t">1</subfield><subfield code="a">23695753150006421</subfield><subfield code="3">no.97-100 2009</subfield><subfield code="d">2010-06-09 20:00:00 US/Eastern</subfield><subfield code="q">2010-06-10 06:59:00 US/Eastern</subfield><subfield code="y">eastasian</subfield></datafield><datafield tag="876" ind1=" " ind2=" "><subfield code="0">22695753090006421</subfield><subfield code="j">1</subfield><subfield code="z">pa</subfield><subfield code="p">32101078882188</subfield><subfield code="t">1</subfield><subfield code="a">23695753060006421</subfield><subfield code="3">no.49-52 1997</subfield><subfield code="d">2000-06-12 20:00:00 US/Eastern</subfield><subfield code="q">2000-06-13 06:59:00 US/Eastern</subfield><subfield code="y">recap</subfield></datafield><datafield tag="876" ind1=" " ind2=" "><subfield code="0">22695753480006421</subfield><subfield code="j">1</subfield><subfield code="z">cjk</subfield><subfield code="p">32101077668620</subfield><subfield code="t">1</subfield><subfield code="a">23695753140006421</subfield><subfield code="3">no.101-104 2010</subfield><subfield code="d">2011-07-27 20:00:00 US/Eastern</subfield><subfield code="q">2011-07-28 06:59:00 US/Eastern</subfield><subfield code="y">eastasian</subfield></datafield><datafield tag="876" ind1=" " ind2=" "><subfield code="0">22695753480006421</subfield><subfield code="j">1</subfield><subfield code="z">cjk</subfield><subfield code="p">32101050176989</subfield><subfield code="t">1</subfield><subfield code="a">23695753160006421</subfield><subfield code="3">no.73-76 2003</subfield><subfield code="d">2004-04-20 20:00:00 US/Eastern</subfield><subfield code="q">2004-04-21 06:59:00 US/Eastern</subfield><subfield code="y">eastasian</subfield></datafield><datafield tag="876" ind1=" " ind2=" "><subfield code="0">22695753480006421</subfield><subfield code="j">1</subfield><subfield code="z">cjk</subfield><subfield code="p">32101048734873</subfield><subfield code="t">1</subfield><subfield code="a">23695753170006421</subfield><subfield code="3">no.69-72 2002</subfield><subfield code="d">2003-06-11 20:00:00 US/Eastern</subfield><subfield code="q">2003-06-12 06:59:00 US/Eastern</subfield><subfield code="y">eastasian</subfield></datafield><datafield tag="876" ind1=" " ind2=" "><subfield code="0">22695753090006421</subfield><subfield code="j">1</subfield><subfield code="z">pa</subfield><subfield code="p">32101078882196</subfield><subfield code="t">1</subfield><subfield code="a">23695753050006421</subfield><subfield code="3">no.53-56 1998</subfield><subfield code="d">2000-06-12 20:00:00 US/Eastern</subfield><subfield code="q">2000-06-13 06:59:00 US/Eastern</subfield><subfield code="y">recap</subfield></datafield><datafield tag="876" ind1=" " ind2=" "><subfield code="0">22695753480006421</subfield><subfield code="j">1</subfield><subfield code="z">cjk</subfield><subfield code="p">32101056638222</subfield><subfield code="t">1</subfield><subfield code="a">23695753130006421</subfield><subfield code="3">no.77-80 2004</subfield><subfield code="d">2006-02-05 19:00:00 US/Eastern</subfield><subfield code="q">2006-02-06 05:59:00 US/Eastern</subfield><subfield code="y">eastasian</subfield></datafield><datafield tag="876" ind1=" " ind2=" "><subfield code="0">22695753480006421</subfield><subfield code="j">0</subfield><subfield code="x">WORK_ORDER_DEPARTMENT</subfield><subfield code="z">cjk</subfield><subfield code="p">32101098113697</subfield><subfield code="t">1</subfield><subfield code="a">23695753190006421</subfield><subfield code="3">Index 1981-2013</subfield><subfield code="d">2020-10-07 20:00:00 US/Eastern</subfield><subfield code="q">2020-10-08 15:08:26 US/Eastern</subfield><subfield code="y">eastasian</subfield></datafield><datafield tag="876" ind1=" " ind2=" "><subfield code="0">22695753480006421</subfield><subfield code="j">1</subfield><subfield code="z">cjk</subfield><subfield code="p">32101099726422</subfield><subfield code="t">1</subfield><subfield code="a">23695753200006421</subfield><subfield code="3">no.121-124 2015</subfield><subfield code="d">2016-07-18 20:00:00 US/Eastern</subfield><subfield code="q">2016-07-19 06:59:00 US/Eastern</subfield><subfield code="y">eastasian</subfield></datafield><datafield tag="876" ind1=" " ind2=" "><subfield code="0">22695753090006421</subfield><subfield code="j">1</subfield><subfield code="z">pa</subfield><subfield code="p">32101078882170</subfield><subfield code="t">1</subfield><subfield code="a">23695752910006421</subfield><subfield code="3">no.45-48 1996</subfield><subfield code="d">2010-10-10 20:00:00 US/Eastern</subfield><subfield code="q">2010-10-11 06:59:00 US/Eastern</subfield><subfield code="y">recap</subfield></datafield><datafield tag="876" ind1=" " ind2=" "><subfield code="0">22695753480006421</subfield><subfield code="j">1</subfield><subfield code="z">cjk</subfield><subfield code="p">32101082959006</subfield><subfield code="t">1</subfield><subfield code="a">23695753110006421</subfield><subfield code="3">no.105-108 2011</subfield><subfield code="d">2013-01-14 19:00:00 US/Eastern</subfield><subfield code="q">2013-01-15 05:59:00 US/Eastern</subfield><subfield code="y">eastasian</subfield></datafield><datafield tag="876" ind1=" " ind2=" "><subfield code="0">22695753480006421</subfield><subfield code="j">1</subfield><subfield code="z">cjk</subfield><subfield code="p">32101075943058</subfield><subfield code="t">1</subfield><subfield code="a">23695753120006421</subfield><subfield code="3">no.93-96 2008</subfield><subfield code="d">2010-04-11 20:00:00 US/Eastern</subfield><subfield code="q">2010-04-12 06:59:00 US/Eastern</subfield><subfield code="y">eastasian</subfield></datafield><datafield tag="876" ind1=" " ind2=" "><subfield code="0">22695753090006421</subfield><subfield code="j">1</subfield><subfield code="z">pa</subfield><subfield code="p">32101078882063</subfield><subfield code="t">1</subfield><subfield code="a">23695752980006421</subfield><subfield code="3">no.1-4 1985</subfield><subfield code="d">2010-10-10 20:00:00 US/Eastern</subfield><subfield code="q">2010-10-11 06:59:00 US/Eastern</subfield><subfield code="y">recap</subfield></datafield><datafield tag="876" ind1=" " ind2=" "><subfield code="0">22695753480006421</subfield><subfield code="j">1</subfield><subfield code="z">cjk</subfield><subfield code="p">32101043969359</subfield><subfield code="t">1</subfield><subfield code="a">23695753180006421</subfield><subfield code="3">no.65-68 2001</subfield><subfield code="d">2002-05-27 20:00:00 US/Eastern</subfield><subfield code="q">2002-05-28 06:59:00 US/Eastern</subfield><subfield code="y">eastasian</subfield></datafield><datafield tag="876" ind1=" " ind2=" "><subfield code="0">22695753090006421</subfield><subfield code="j">1</subfield><subfield code="z">pa</subfield><subfield code="p">32101078882147</subfield><subfield code="t">1</subfield><subfield code="a">23695752900006421</subfield><subfield code="3">no.33-36 1993</subfield><subfield code="d">2005-02-14 19:00:00 US/Eastern</subfield><subfield code="q">2005-02-15 05:59:00 US/Eastern</subfield><subfield code="y">recap</subfield></datafield><datafield tag="876" ind1=" " ind2=" "><subfield code="0">22695753090006421</subfield><subfield code="j">1</subfield><subfield code="z">pa</subfield><subfield code="p">32101078882121</subfield><subfield code="t">1</subfield><subfield code="a">23695752920006421</subfield><subfield code="3">no.25-28 1991</subfield><subfield code="d">2010-10-10 20:00:00 US/Eastern</subfield><subfield code="q">2010-10-11 06:59:00 US/Eastern</subfield><subfield code="y">recap</subfield></datafield><datafield tag="876" ind1=" " ind2=" "><subfield code="0">22695753090006421</subfield><subfield code="j">1</subfield><subfield code="z">pa</subfield><subfield code="p">32101078882105</subfield><subfield code="t">1</subfield><subfield code="a">23695752960006421</subfield><subfield code="3">no.17-20 1989</subfield><subfield code="d">2010-10-10 20:00:00 US/Eastern</subfield><subfield code="q">2010-10-11 06:59:00 US/Eastern</subfield><subfield code="y">recap</subfield></datafield><datafield tag="876" ind1=" " ind2=" "><subfield code="0">22695753090006421</subfield><subfield code="j">1</subfield><subfield code="z">pa</subfield><subfield code="p">32101078882097</subfield><subfield code="t">1</subfield><subfield code="a">23695752970006421</subfield><subfield code="3">no.13-16 1988</subfield><subfield code="d">2010-10-10 20:00:00 US/Eastern</subfield><subfield code="q">2010-10-11 06:59:00 US/Eastern</subfield><subfield code="y">recap</subfield></datafield><datafield tag="876" ind1=" " ind2=" "><subfield code="0">22695753090006421</subfield><subfield code="j">1</subfield><subfield code="z">pa</subfield><subfield code="p">32101078882139</subfield><subfield code="t">1</subfield><subfield code="a">23695752990006421</subfield><subfield code="3">no.29-32 1992</subfield><subfield code="d">2006-04-12 20:00:00 US/Eastern</subfield><subfield code="q">2006-04-13 06:59:00 US/Eastern</subfield><subfield code="y">recap</subfield></datafield><datafield tag="876" ind1=" " ind2=" "><subfield code="0">22695753480006421</subfield><subfield code="j">1</subfield><subfield code="z">cjk</subfield><subfield code="p">32101081429514</subfield><subfield code="t">1</subfield><subfield code="a">23695753210006421</subfield><subfield code="3">no.117-120 2014</subfield><subfield code="d">2015-08-13 20:00:00 US/Eastern</subfield><subfield code="q">2015-08-14 06:59:00 US/Eastern</subfield><subfield code="y">eastasian</subfield></datafield><datafield tag="876" ind1=" " ind2=" "><subfield code="0">22695753480006421</subfield><subfield code="j">1</subfield><subfield code="z">cjk</subfield><subfield code="p">32101085634697</subfield><subfield code="t">1</subfield><subfield code="a">23695753220006421</subfield><subfield code="3">no.113-116 2013</subfield><subfield code="d">2014-07-30 20:00:00 US/Eastern</subfield><subfield code="q">2014-07-31 06:59:00 US/Eastern</subfield><subfield code="y">eastasian</subfield></datafield><datafield tag="876" ind1=" " ind2=" "><subfield code="0">22695753480006421</subfield><subfield code="j">1</subfield><subfield code="z">cjk</subfield><subfield code="p">32101088508146</subfield><subfield code="t">1</subfield><subfield code="a">23695753230006421</subfield><subfield code="3">no.109-112 2012</subfield><subfield code="d">2013-09-03 20:00:00 US/Eastern</subfield><subfield code="q">2013-09-04 06:59:00 US/Eastern</subfield><subfield code="y">eastasian</subfield></datafield><datafield tag="876" ind1=" " ind2=" "><subfield code="0">22695753480006421</subfield><subfield code="j">1</subfield><subfield code="z">cjk</subfield><subfield code="p">32101063685109</subfield><subfield code="t">1</subfield><subfield code="a">23695753240006421</subfield><subfield code="3">no.89-92 2007</subfield><subfield code="d">2008-07-27 20:00:00 US/Eastern</subfield><subfield code="q">2008-07-28 06:59:00 US/Eastern</subfield><subfield code="y">eastasian</subfield></datafield><datafield tag="876" ind1=" " ind2=" "><subfield code="0">22695753480006421</subfield><subfield code="j">1</subfield><subfield code="z">cjk</subfield><subfield code="p">32101063685091</subfield><subfield code="t">1</subfield><subfield code="a">23695753250006421</subfield><subfield code="3">no.85-88 2006</subfield><subfield code="d">2008-07-27 20:00:00 US/Eastern</subfield><subfield code="q">2008-07-28 06:59:00 US/Eastern</subfield><subfield code="y">eastasian</subfield></datafield><datafield tag="876" ind1=" " ind2=" "><subfield code="0">22695753480006421</subfield><subfield code="j">1</subfield><subfield code="z">cjk</subfield><subfield code="p">32101060516380</subfield><subfield code="t">1</subfield><subfield code="a">23695753260006421</subfield><subfield code="3">no.81-84 2005</subfield><subfield code="d">2007-03-14 20:00:00 US/Eastern</subfield><subfield code="q">2007-03-15 06:59:00 US/Eastern</subfield><subfield code="y">eastasian</subfield></datafield></record>