<record><leader>02758cas a2200553Ia 4500</leader><controlfield tag="005">20240916140115.0</controlfield><controlfield tag="008">140909c20109999cc mr p       0   e0chi d</controlfield><controlfield tag="001">9987506643506421</controlfield><datafield tag="019" ind1=" " ind2=" "><subfield code="a">905871065</subfield></datafield><datafield tag="022" ind1=" " ind2=" "><subfield code="a">1674-9391</subfield></datafield><datafield tag="035" ind1=" " ind2=" "><subfield code="a">(UkCU)5783295</subfield></datafield><datafield tag="035" ind1=" " ind2=" "><subfield code="a">(NjP)8750664-princetondb</subfield></datafield><datafield tag="035" ind1=" " ind2=" "><subfield code="z">(OCoLC)905871065</subfield></datafield><datafield tag="035" ind1=" " ind2=" "><subfield code="a">(OCoLC)on1193257633</subfield></datafield><datafield tag="035" ind1=" " ind2=" "><subfield code="z">(NjP)Voyager8750664</subfield></datafield><datafield tag="040" ind1=" " ind2=" "><subfield code="a">YAM</subfield><subfield code="b">eng</subfield><subfield code="c">PULEA</subfield></datafield><datafield tag="041" ind1="0" ind2=" "><subfield code="a">chi</subfield><subfield code="b">eng</subfield></datafield><datafield tag="043" ind1=" " ind2=" "><subfield code="a">a-cc---</subfield></datafield><datafield tag="049" ind1=" " ind2=" "><subfield code="a">MAIN</subfield></datafield><datafield tag="050" ind1=" " ind2="4"><subfield code="a">GN301</subfield><subfield code="b">.M55</subfield></datafield><datafield tag="245" ind1="0" ind2="0"><subfield code="6">880-01</subfield><subfield code="a">Min zu xue kan =</subfield><subfield code="b">Journal of ethnology.</subfield></datafield><datafield tag="880" ind1="0" ind2="0"><subfield code="6">245-01</subfield><subfield code="a">民族學刊 =</subfield><subfield code="b">Journal of ethnology.</subfield></datafield><datafield tag="246" ind1="3" ind2="1"><subfield code="a">Journal of ethnology</subfield></datafield><datafield tag="260" ind1=" " ind2=" "><subfield code="6">880-02</subfield><subfield code="a">Chengdu Shi :</subfield><subfield code="b">Min zu xue kan bian ji bu,</subfield><subfield code="c">2010-</subfield></datafield><datafield tag="880" ind1=" " ind2=" "><subfield code="6">260-02</subfield><subfield code="a">成都市 :</subfield><subfield code="b">民族学刊编辑部,</subfield><subfield code="c">2010-</subfield></datafield><datafield tag="310" ind1=" " ind2=" "><subfield code="a">Monthly,</subfield><subfield code="b">2021-</subfield></datafield><datafield tag="321" ind1=" " ind2=" "><subfield code="a">Bimonthly,</subfield><subfield code="b">2011-2020</subfield></datafield><datafield tag="321" ind1=" " ind2=" "><subfield code="a">Semiannual,</subfield><subfield code="b">2010</subfield></datafield><datafield tag="362" ind1="1" ind2=" "><subfield code="6">880-03</subfield><subfield code="a">Began with 2010 nian di 1 juan di 1 qi = zong di 1 qi.</subfield></datafield><datafield tag="880" ind1="1" ind2=" "><subfield code="6">362-03</subfield><subfield code="a">Began with 2010年第1卷第1期 = 总第1期.</subfield></datafield><datafield tag="546" ind1=" " ind2=" "><subfield code="a">In Chinese, with abstracts also in English.</subfield></datafield><datafield tag="583" ind1="1" ind2=" "><subfield code="a">Committed to retain</subfield><subfield code="d">in perpetuity</subfield><subfield code="f">ReCAP</subfield><subfield code="f">Chinese Serials Collaborative Collection</subfield><subfield code="5">[MH, NjP, NN, or NNC]</subfield><subfield code="u">http://arks.princeton.edu/ark:/88435/dcxg94j1575</subfield></datafield><datafield tag="588" ind1=" " ind2=" "><subfield code="6">880-04</subfield><subfield code="a">Description based on: 2010 nian di 1 juan di 1 qi = zong di 1 qi; title from cover.</subfield></datafield><datafield tag="880" ind1=" " ind2=" "><subfield code="6">588-04</subfield><subfield code="a">Description based on: 2010年第1卷第1期 = 总第1期; title from cover.</subfield></datafield><datafield tag="588" ind1=" " ind2=" "><subfield code="6">880-05</subfield><subfield code="a">Latest issue consulted: di 5 juan di 3 qi = zong di 23 qi (2014 nian 5 yue).</subfield></datafield><datafield tag="880" ind1=" " ind2=" "><subfield code="6">588-05</subfield><subfield code="a">Latest issue consulted: 第5卷第3期 = 总第23期(2014年5月).</subfield></datafield><datafield tag="650" ind1=" " ind2="0"><subfield code="a">Ethnology</subfield><subfield code="v">Periodicals.</subfield><subfield code="0">http://id.loc.gov/authorities/subjects/sh2008103338</subfield></datafield><datafield tag="650" ind1=" " ind2="0"><subfield code="a">Ethnology</subfield><subfield code="z">China</subfield><subfield code="v">Periodicals.</subfield><subfield code="0">http://id.loc.gov/authorities/subjects/sh2008119903</subfield></datafield><datafield tag="650" ind1=" " ind2="7"><subfield code="a">Ethnology.</subfield><subfield code="2">fast</subfield><subfield code="0">(OCoLC)fst00916106</subfield></datafield><datafield tag="651" ind1=" " ind2="7"><subfield code="a">China.</subfield><subfield code="2">fast</subfield><subfield code="0">(OCoLC)fst01206073</subfield></datafield><datafield tag="655" ind1=" " ind2="7"><subfield code="a">Periodicals.</subfield><subfield code="2">fast</subfield><subfield code="0">(OCoLC)fst01411641</subfield></datafield><datafield tag="655" ind1=" " ind2="7"><subfield code="a">Periodicals.</subfield><subfield code="2">lcgft</subfield><subfield code="0">http://id.loc.gov/authorities/genreForms/gf2014026139</subfield></datafield><datafield tag="710" ind1="2" ind2=" "><subfield code="6">880-06</subfield><subfield code="a">Xi nan min zu da xue,</subfield><subfield code="e">sponsoring body.</subfield><subfield code="0">http://id.loc.gov/authorities/names/no2005110915</subfield></datafield><datafield tag="880" ind1="2" ind2=" "><subfield code="6">710-06</subfield><subfield code="a">西南民族大学,</subfield><subfield code="e">sponsoring body.</subfield></datafield><datafield tag="902" ind1=" " ind2=" "><subfield code="a">csw</subfield><subfield code="s">csw</subfield><subfield code="b">m</subfield><subfield code="6">a</subfield><subfield code="7">s</subfield><subfield code="d">v</subfield><subfield code="f">0</subfield><subfield code="e">20140909</subfield></datafield><datafield tag="914" ind1=" " ind2=" "><subfield code="a">(OCoLC)on1193257633</subfield><subfield code="b">OCoLC</subfield><subfield code="c">match</subfield><subfield code="d">20221117</subfield><subfield code="e">processed</subfield><subfield code="f">1193257633</subfield></datafield><datafield tag="919" ind1=" " ind2=" "><subfield code="a">(OCoLC)ocn812621455</subfield></datafield><datafield tag="979" ind1=" " ind2=" "><subfield code="a">(OCoLC)ocn890195710</subfield></datafield><datafield tag="994" ind1=" " ind2=" "><subfield code="a">C0</subfield><subfield code="b">PULEA</subfield></datafield><datafield tag="950" ind1=" " ind2=" "><subfield code="c">2024-09-16 14:01:15 US/Eastern</subfield><subfield code="b">2021-07-12 19:14:29 US/Eastern</subfield><subfield code="a">false</subfield></datafield><datafield tag="852" ind1="0" ind2=" "><subfield code="b">eastasian</subfield><subfield code="c">cjk</subfield><subfield code="h">GN301</subfield><subfield code="i">.M55</subfield><subfield code="8">22597918140006421</subfield></datafield><datafield tag="866" ind1=" " ind2="0"><subfield code="a">No. 36 (2016)-no. 48 (2018); 2021 no. 1-2025 no. 4</subfield><subfield code="8">22597918140006421</subfield></datafield><datafield tag="866" ind1=" " ind2="0"><subfield code="z">LACKS: no. 50, 55-26</subfield><subfield code="8">22597918140006421</subfield></datafield><datafield tag="866" ind1=" " ind2="0"><subfield code="z">CURRENT ISSUES IN: East Asian Library (Gest)</subfield><subfield code="8">22597918140006421</subfield></datafield><datafield tag="952" ind1=" " ind2=" "><subfield code="d">2026-01-13 19:31:26</subfield><subfield code="8">22597918140006421</subfield><subfield code="a">2021-07-12 23:14:29</subfield><subfield code="b">East Asian Library</subfield><subfield code="c">cjk: East Asian Library</subfield><subfield code="e">false</subfield></datafield><datafield tag="852" ind1="0" ind2=" "><subfield code="b">recap</subfield><subfield code="c">pa</subfield><subfield code="h">GN301</subfield><subfield code="i">.M55</subfield><subfield code="8">22597918020006421</subfield></datafield><datafield tag="866" ind1=" " ind2="0"><subfield code="a">No. 1 (2010)-no. 35 (2016)</subfield><subfield code="8">22597918020006421</subfield></datafield><datafield tag="866" ind1=" " ind2="0"><subfield code="z">LACKS: no. 29-32, 34</subfield><subfield code="8">22597918020006421</subfield></datafield><datafield tag="952" ind1=" " ind2=" "><subfield code="d">2024-05-14 19:44:28</subfield><subfield code="8">22597918020006421</subfield><subfield code="a">2021-07-12 23:14:29</subfield><subfield code="b">ReCAP</subfield><subfield code="c">rcppa: RECAP</subfield><subfield code="e">false</subfield></datafield><datafield tag="876" ind1=" " ind2=" "><subfield code="0">22597918140006421</subfield><subfield code="j">1</subfield><subfield code="z">cjk</subfield><subfield code="p">32101105688988</subfield><subfield code="t">1</subfield><subfield code="a">23597918040006421</subfield><subfield code="3">no.42-44 2017</subfield><subfield code="d">2019-07-11 20:00:00 US/Eastern</subfield><subfield code="q">2019-07-12 06:59:00 US/Eastern</subfield><subfield code="y">eastasian</subfield></datafield><datafield tag="876" ind1=" " ind2=" "><subfield code="0">22597918140006421</subfield><subfield code="j">1</subfield><subfield code="z">cjk</subfield><subfield code="p">32101105688996</subfield><subfield code="t">1</subfield><subfield code="a">23597918050006421</subfield><subfield code="3">no.39-41 2017</subfield><subfield code="d">2019-07-11 20:00:00 US/Eastern</subfield><subfield code="q">2019-07-12 06:59:00 US/Eastern</subfield><subfield code="y">eastasian</subfield></datafield><datafield tag="876" ind1=" " ind2=" "><subfield code="0">22597918140006421</subfield><subfield code="j">1</subfield><subfield code="z">cjk</subfield><subfield code="p">32101105689036</subfield><subfield code="t">1</subfield><subfield code="a">23597918030006421</subfield><subfield code="3">no.45-47 2018</subfield><subfield code="d">2019-07-11 20:00:00 US/Eastern</subfield><subfield code="q">2019-07-12 06:59:00 US/Eastern</subfield><subfield code="y">eastasian</subfield></datafield><datafield tag="876" ind1=" " ind2=" "><subfield code="0">22597918140006421</subfield><subfield code="j">1</subfield><subfield code="z">cjk</subfield><subfield code="p">32101105689002</subfield><subfield code="t">1</subfield><subfield code="a">23597918060006421</subfield><subfield code="3">no.36-38 2016</subfield><subfield code="d">2019-07-11 20:00:00 US/Eastern</subfield><subfield code="q">2019-07-12 06:59:00 US/Eastern</subfield><subfield code="y">eastasian</subfield></datafield><datafield tag="876" ind1=" " ind2=" "><subfield code="0">22597918140006421</subfield><subfield code="j">1</subfield><subfield code="z">cjk</subfield><subfield code="p">32101113926701</subfield><subfield code="a">23982780930006421</subfield><subfield code="3">2022 no. 9-12 </subfield><subfield code="d">2023-06-06 12:13:19 US/Eastern</subfield><subfield code="q">2023-10-06 10:57:53 US/Eastern</subfield><subfield code="y">eastasian</subfield></datafield><datafield tag="876" ind1=" " ind2=" "><subfield code="0">22597918020006421</subfield><subfield code="j">1</subfield><subfield code="z">pa</subfield><subfield code="p">32101081188367</subfield><subfield code="t">1</subfield><subfield code="a">23597918010006421</subfield><subfield code="3">no.1-2 2010</subfield><subfield code="d">2014-10-08 20:00:00 US/Eastern</subfield><subfield code="q">2014-10-09 06:59:00 US/Eastern</subfield><subfield code="y">recap</subfield></datafield><datafield tag="876" ind1=" " ind2=" "><subfield code="0">22597918020006421</subfield><subfield code="j">1</subfield><subfield code="z">pa</subfield><subfield code="p">32101081187971</subfield><subfield code="t">1</subfield><subfield code="a">23597918000006421</subfield><subfield code="3">no.3-8 2011</subfield><subfield code="d">2014-10-08 20:00:00 US/Eastern</subfield><subfield code="q">2014-10-09 06:59:00 US/Eastern</subfield><subfield code="y">recap</subfield></datafield><datafield tag="876" ind1=" " ind2=" "><subfield code="0">22597918140006421</subfield><subfield code="j">1</subfield><subfield code="z">cjk</subfield><subfield code="p">32101110236294</subfield><subfield code="a">23960800960006421</subfield><subfield code="3">2021 no. 7-12 </subfield><subfield code="d">2023-01-26 11:06:06 US/Eastern</subfield><subfield code="q">2023-01-26 11:07:34 US/Eastern</subfield><subfield code="y">eastasian</subfield></datafield><datafield tag="876" ind1=" " ind2=" "><subfield code="0">22597918140006421</subfield><subfield code="j">1</subfield><subfield code="z">cjk</subfield><subfield code="p">32101110236302</subfield><subfield code="a">23960800980006421</subfield><subfield code="3">2021 no. 1-6 </subfield><subfield code="d">2023-01-26 11:03:59 US/Eastern</subfield><subfield code="q">2023-01-26 11:04:28 US/Eastern</subfield><subfield code="y">eastasian</subfield></datafield><datafield tag="876" ind1=" " ind2=" "><subfield code="0">22597918140006421</subfield><subfield code="j">1</subfield><subfield code="z">cjk</subfield><subfield code="p">32101115489211</subfield><subfield code="a">231018946860006421</subfield><subfield code="3">2022 no. 5-8 </subfield><subfield code="d">2024-05-14 15:48:02 US/Eastern</subfield><subfield code="q">2024-05-14 15:49:06 US/Eastern</subfield><subfield code="y">eastasian</subfield></datafield><datafield tag="876" ind1=" " ind2=" "><subfield code="0">22597918140006421</subfield><subfield code="j">1</subfield><subfield code="z">cjk</subfield><subfield code="p">32101115489229</subfield><subfield code="a">231018946880006421</subfield><subfield code="3">2021 no. 7-12 </subfield><subfield code="d">2024-05-14 15:44:58 US/Eastern</subfield><subfield code="q">2024-05-14 15:46:25 US/Eastern</subfield><subfield code="y">eastasian</subfield></datafield><datafield tag="876" ind1=" " ind2=" "><subfield code="0">22597918140006421</subfield><subfield code="j">1</subfield><subfield code="z">cjk</subfield><subfield code="p">32101117974962</subfield><subfield code="a">23966568920006421</subfield><subfield code="3">2019 no. 1-4 </subfield><subfield code="d">2023-03-24 14:34:00 US/Eastern</subfield><subfield code="q">2023-03-24 14:34:12 US/Eastern</subfield><subfield code="y">eastasian</subfield></datafield><datafield tag="876" ind1=" " ind2=" "><subfield code="0">22597918140006421</subfield><subfield code="j">1</subfield><subfield code="z">cjk</subfield><subfield code="p">32101117974954</subfield><subfield code="a">23966568910006421</subfield><subfield code="3">2022 no. 1-4 </subfield><subfield code="d">2023-03-24 14:34:40 US/Eastern</subfield><subfield code="q">2023-03-24 14:34:49 US/Eastern</subfield><subfield code="y">eastasian</subfield></datafield><datafield tag="876" ind1=" " ind2=" "><subfield code="0">22597918140006421</subfield><subfield code="j">1</subfield><subfield code="z">cjk</subfield><subfield code="p">32101117974970</subfield><subfield code="a">23966568930006421</subfield><subfield code="3">no. 49 (2018)</subfield><subfield code="d">2023-03-24 14:33:05 US/Eastern</subfield><subfield code="q">2023-03-24 14:33:38 US/Eastern</subfield><subfield code="y">eastasian</subfield></datafield><datafield tag="876" ind1=" " ind2=" "><subfield code="0">22597918140006421</subfield><subfield code="j">1</subfield><subfield code="z">cjk</subfield><subfield code="p">32101115489203</subfield><subfield code="a">231018946830006421</subfield><subfield code="3">2023 no. 1-4 </subfield><subfield code="d">2024-05-14 15:53:21 US/Eastern</subfield><subfield code="q">2024-05-14 15:53:32 US/Eastern</subfield><subfield code="y">eastasian</subfield></datafield><datafield tag="876" ind1=" " ind2=" "><subfield code="0">22597918140006421</subfield><subfield code="j">1</subfield><subfield code="z">cjk</subfield><subfield code="p">32101114066176</subfield><subfield code="a">231100160810006421</subfield><subfield code="3">2025 no. 1-4 </subfield><subfield code="d">2026-01-13 14:36:43 US/Eastern</subfield><subfield code="q">2026-01-13 14:36:52 US/Eastern</subfield><subfield code="y">eastasian</subfield></datafield><datafield tag="876" ind1=" " ind2=" "><subfield code="0">22597918140006421</subfield><subfield code="j">1</subfield><subfield code="z">cjk</subfield><subfield code="p">32101114066184</subfield><subfield code="a">231100160820006421</subfield><subfield code="3">2024 no. 9-12 </subfield><subfield code="d">2026-01-13 14:35:38 US/Eastern</subfield><subfield code="q">2026-01-13 14:35:51 US/Eastern</subfield><subfield code="y">eastasian</subfield></datafield><datafield tag="876" ind1=" " ind2=" "><subfield code="0">22597918140006421</subfield><subfield code="j">1</subfield><subfield code="z">cjk</subfield><subfield code="p">32101115429332</subfield><subfield code="a">231038009910006421</subfield><subfield code="3">2023 no. 9-12 </subfield><subfield code="d">2024-12-20 12:37:32 US/Eastern</subfield><subfield code="q">2024-12-20 12:37:45 US/Eastern</subfield><subfield code="y">eastasian</subfield></datafield><datafield tag="876" ind1=" " ind2=" "><subfield code="0">22597918140006421</subfield><subfield code="j">1</subfield><subfield code="z">cjk</subfield><subfield code="p">32101115429340</subfield><subfield code="a">231038009920006421</subfield><subfield code="3">2023 no. 5-8 </subfield><subfield code="d">2024-12-20 12:36:52 US/Eastern</subfield><subfield code="q">2024-12-20 12:38:09 US/Eastern</subfield><subfield code="y">eastasian</subfield></datafield><datafield tag="876" ind1=" " ind2=" "><subfield code="0">22597918140006421</subfield><subfield code="j">1</subfield><subfield code="z">cjk</subfield><subfield code="p">32101114066200</subfield><subfield code="a">231100160870006421</subfield><subfield code="3">2024 no. 1-4 </subfield><subfield code="d">2025-12-17 19:00:00 US/Eastern</subfield><subfield code="q">2026-01-13 14:32:51 US/Eastern</subfield><subfield code="y">eastasian</subfield></datafield><datafield tag="876" ind1=" " ind2=" "><subfield code="0">22597918140006421</subfield><subfield code="j">1</subfield><subfield code="z">cjk</subfield><subfield code="p">32101114066192</subfield><subfield code="a">231100160830006421</subfield><subfield code="3">2024 no. 5-8 </subfield><subfield code="d">2026-01-13 14:34:34 US/Eastern</subfield><subfield code="q">2026-01-13 14:34:44 US/Eastern</subfield><subfield code="y">eastasian</subfield></datafield><datafield tag="876" ind1=" " ind2=" "><subfield code="0">22597918020006421</subfield><subfield code="j">1</subfield><subfield code="z">pa</subfield><subfield code="p">32101081188474</subfield><subfield code="t">1</subfield><subfield code="a">23597917960006421</subfield><subfield code="3">no.21-23 2014</subfield><subfield code="d">2014-10-08 20:00:00 US/Eastern</subfield><subfield code="q">2014-10-09 06:59:00 US/Eastern</subfield><subfield code="y">recap</subfield></datafield><datafield tag="876" ind1=" " ind2=" "><subfield code="0">22597918020006421</subfield><subfield code="j">1</subfield><subfield code="z">pa</subfield><subfield code="p">32101081188458</subfield><subfield code="t">1</subfield><subfield code="a">23597917980006421</subfield><subfield code="3">no.15-17 2013</subfield><subfield code="d">2014-10-08 20:00:00 US/Eastern</subfield><subfield code="q">2014-10-09 06:59:00 US/Eastern</subfield><subfield code="y">recap</subfield></datafield><datafield tag="876" ind1=" " ind2=" "><subfield code="0">22597918020006421</subfield><subfield code="j">1</subfield><subfield code="z">pa</subfield><subfield code="p">32101105689010</subfield><subfield code="t">1</subfield><subfield code="a">23597917950006421</subfield><subfield code="3">no.27-28, 33, 35 2015-2016</subfield><subfield code="d">2019-07-11 20:00:00 US/Eastern</subfield><subfield code="q">2019-07-12 06:59:00 US/Eastern</subfield><subfield code="y">recap</subfield></datafield><datafield tag="876" ind1=" " ind2=" "><subfield code="0">22597918020006421</subfield><subfield code="j">1</subfield><subfield code="z">pa</subfield><subfield code="p">32101105689028</subfield><subfield code="t">1</subfield><subfield code="a">23597917940006421</subfield><subfield code="3">no.24-26 2014</subfield><subfield code="d">2019-07-11 20:00:00 US/Eastern</subfield><subfield code="q">2019-07-12 06:59:00 US/Eastern</subfield><subfield code="y">recap</subfield></datafield><datafield tag="876" ind1=" " ind2=" "><subfield code="0">22597918020006421</subfield><subfield code="j">1</subfield><subfield code="z">pa</subfield><subfield code="p">32101081187716</subfield><subfield code="t">1</subfield><subfield code="a">23597917990006421</subfield><subfield code="3">no.9-14 2012</subfield><subfield code="d">2014-10-08 20:00:00 US/Eastern</subfield><subfield code="q">2014-10-09 06:59:00 US/Eastern</subfield><subfield code="y">recap</subfield></datafield><datafield tag="876" ind1=" " ind2=" "><subfield code="0">22597918020006421</subfield><subfield code="j">1</subfield><subfield code="z">pa</subfield><subfield code="p">32101081188573</subfield><subfield code="t">1</subfield><subfield code="a">23597917970006421</subfield><subfield code="3">no.18-20 2013</subfield><subfield code="d">2014-10-08 20:00:00 US/Eastern</subfield><subfield code="q">2014-10-09 06:59:00 US/Eastern</subfield><subfield code="y">recap</subfield></datafield></record>