<record><leader>02070cas a2200421 a 4500</leader><controlfield tag="005">20230125130150.0</controlfield><controlfield tag="008">010308c19989999cc mr p       0   e0chi d</controlfield><controlfield tag="001">9933218323506421</controlfield><datafield tag="022" ind1=" " ind2=" "><subfield code="a">1008-1208</subfield></datafield><datafield tag="035" ind1=" " ind2=" "><subfield code="a">(CStRLIN)NJPX02-S210</subfield></datafield><datafield tag="035" ind1=" " ind2=" "><subfield code="a">(NjP)3321832-princetondb</subfield></datafield><datafield tag="035" ind1=" " ind2=" "><subfield code="a">(OCoLC)ocm45101977</subfield></datafield><datafield tag="035" ind1=" " ind2=" "><subfield code="z">(NjP)Voyager3321832</subfield></datafield><datafield tag="040" ind1=" " ind2=" "><subfield code="a">NNC</subfield><subfield code="b">eng</subfield><subfield code="c">NNC</subfield><subfield code="d">CStRLIN</subfield><subfield code="d">NNC</subfield><subfield code="d">NjP-G</subfield></datafield><datafield tag="050" ind1=" " ind2="4"><subfield code="a">AP95.C4</subfield><subfield code="b">P347</subfield></datafield><datafield tag="066" ind1=" " ind2=" "><subfield code="c">$1</subfield></datafield><datafield tag="090" ind1=" " ind2=" "><subfield code="a">AP95.C4</subfield><subfield code="b">B45 no.96-</subfield><subfield code="i">05/16/02 T</subfield></datafield><datafield tag="245" ind1="0" ind2="0"><subfield code="6">880-01</subfield><subfield code="a">Beijing guan cha =</subfield><subfield code="b">Beijing observation.</subfield></datafield><datafield tag="880" ind1="0" ind2="0"><subfield code="6">245-01/$1</subfield><subfield code="a">北京观察 =</subfield><subfield code="b">Beijing observation.</subfield></datafield><datafield tag="246" ind1="3" ind2="1"><subfield code="a">Beijing observation</subfield></datafield><datafield tag="260" ind1=" " ind2=" "><subfield code="6">880-02</subfield><subfield code="a">Beijing :</subfield><subfield code="b">Beijing guan cha za zhi she,</subfield><subfield code="c">1998-</subfield></datafield><datafield tag="880" ind1=" " ind2=" "><subfield code="6">260-02/$1</subfield><subfield code="a">北京　:</subfield><subfield code="b">北京观察杂志社,</subfield><subfield code="c">1998-</subfield></datafield><datafield tag="300" ind1=" " ind2=" "><subfield code="a">v. :</subfield><subfield code="b">ill. ;</subfield><subfield code="c">28 cm.</subfield></datafield><datafield tag="310" ind1=" " ind2=" "><subfield code="a">Monthly</subfield></datafield><datafield tag="362" ind1="0" ind2=" "><subfield code="6">880-03</subfield><subfield code="a">1998 shi kan di 1 qi-1998 shi kan di 3 qi; 1999 nian di 1 qi-</subfield></datafield><datafield tag="880" ind1="0" ind2=" "><subfield code="6">362-03/$1</subfield><subfield code="a">1998　试刊第1期-1998　试刊第3期; 1999年第1期-</subfield></datafield><datafield tag="500" ind1=" " ind2=" "><subfield code="a">Title from cover.</subfield></datafield><datafield tag="515" ind1=" " ind2=" "><subfield code="a">Issues for 1999- called also zong di 99 qi-</subfield></datafield><datafield tag="515" ind1=" " ind2=" "><subfield code="a">Issues 1998 shi kan di 1-3 qi. constitute zong di 96-98 qi respectively.</subfield></datafield><datafield tag="550" ind1=" " ind2=" "><subfield code="a">Sponsored by: Zhongguo ren min zheng zhi xie shang hui yi Beijing shi wei yuan hui.</subfield></datafield><datafield tag="710" ind1="2" ind2=" "><subfield code="6">880-04</subfield><subfield code="a">Zhongguo ren min zheng zhi xie shang hui yi.</subfield><subfield code="b">Beijing Shi wei yuan hui.</subfield><subfield code="0">http://id.loc.gov/authorities/names/n86089250</subfield></datafield><datafield tag="880" ind1="1" ind2=" "><subfield code="6">710-04/$1</subfield><subfield code="a">中国人民政治协商会议.</subfield><subfield code="b">北京市委员会.</subfield></datafield><datafield tag="780" ind1="0" ind2="0"><subfield code="6">880-05</subfield><subfield code="t">Beijing zheng xie</subfield></datafield><datafield tag="880" ind1="0" ind2="0"><subfield code="6">780-05/$1</subfield><subfield code="t">北京政协</subfield></datafield><datafield tag="914" ind1=" " ind2=" "><subfield code="a">(OCoLC)ocm45101977</subfield><subfield code="b">OCoLC</subfield><subfield code="c">match</subfield><subfield code="d">20230125</subfield><subfield code="e">processed</subfield><subfield code="f">45101977</subfield></datafield><datafield tag="950" ind1=" " ind2=" "><subfield code="l">C</subfield><subfield code="v">No.96 (1998)-no.122 (2000)</subfield><subfield code="p">2</subfield></datafield><datafield tag="987" ind1=" " ind2=" "><subfield code="a">PINYIN</subfield><subfield code="b">CStRLIN</subfield><subfield code="c">20010201</subfield><subfield code="d">c</subfield></datafield><datafield tag="998" ind1=" " ind2=" "><subfield code="a">05/16/02</subfield><subfield code="t">c</subfield><subfield code="s">9114</subfield><subfield code="n">NjP-G</subfield><subfield code="w">NJPX02S210</subfield><subfield code="d">05/14/02</subfield><subfield code="c">CSW</subfield><subfield code="b">SML</subfield><subfield code="i">020516</subfield><subfield code="l">NJPX</subfield></datafield><datafield tag="950" ind1=" " ind2=" "><subfield code="c">2023-08-11 12:21:05 US/Eastern</subfield><subfield code="b">2021-07-13 03:58:09 US/Eastern</subfield><subfield code="a">false</subfield></datafield><datafield tag="852" ind1="0" ind2=" "><subfield code="b">recap</subfield><subfield code="c">pa</subfield><subfield code="h">AP95.C4</subfield><subfield code="i">B45</subfield><subfield code="8">22692418650006421</subfield></datafield><datafield tag="866" ind1=" " ind2="0"><subfield code="a">No. [96] (1998)-no. 314 (2016) ; 2017 no. 1 - 2018 no. 12</subfield><subfield code="8">22692418650006421</subfield></datafield><datafield tag="866" ind1=" " ind2="0"><subfield code="z">LACKS: no. 229-230</subfield><subfield code="8">22692418650006421</subfield></datafield><datafield tag="952" ind1=" " ind2=" "><subfield code="d">2025-09-09 14:33:16</subfield><subfield code="8">22692418650006421</subfield><subfield code="a">2021-07-13 07:58:09</subfield><subfield code="b">ReCAP</subfield><subfield code="c">rcppa: RECAP</subfield><subfield code="e">false</subfield></datafield><datafield tag="852" ind1="0" ind2=" "><subfield code="b">eastasian</subfield><subfield code="c">cjk</subfield><subfield code="h">AP95.C4</subfield><subfield code="i">B45</subfield><subfield code="8">22692418930006421</subfield></datafield><datafield tag="866" ind1=" " ind2="0"><subfield code="a">2019 no. 1-2024 no. 12</subfield><subfield code="8">22692418930006421</subfield></datafield><datafield tag="866" ind1=" " ind2="0"><subfield code="z">CURRENT ISSUES IN: East Asian Library (Gest)</subfield><subfield code="8">22692418930006421</subfield></datafield><datafield tag="952" ind1=" " ind2=" "><subfield code="d">2026-01-06 17:08:49</subfield><subfield code="8">22692418930006421</subfield><subfield code="a">2021-07-13 07:58:09</subfield><subfield code="b">East Asian Library</subfield><subfield code="c">cjk: East Asian Library</subfield><subfield code="e">false</subfield></datafield><datafield tag="876" ind1=" " ind2=" "><subfield code="0">22692418930006421</subfield><subfield code="j">1</subfield><subfield code="z">cjk</subfield><subfield code="a">231095446680006421</subfield><subfield code="3">2025 no. 1-7 </subfield><subfield code="d">2025-12-12 10:16:09 US/Eastern</subfield><subfield code="q">2025-12-12 10:16:24 US/Eastern</subfield><subfield code="y">eastasian</subfield></datafield><datafield tag="876" ind1=" " ind2=" "><subfield code="0">22692418650006421</subfield><subfield code="j">1</subfield><subfield code="z">pa</subfield><subfield code="p">32101059152783</subfield><subfield code="t">1</subfield><subfield code="a">23692418610006421</subfield><subfield code="3">no.171-182 2005</subfield><subfield code="d">2006-10-22 20:00:00 US/Eastern</subfield><subfield code="q">2006-10-23 06:59:00 US/Eastern</subfield><subfield code="y">recap</subfield></datafield><datafield tag="876" ind1=" " ind2=" "><subfield code="0">22692418650006421</subfield><subfield code="j">1</subfield><subfield code="z">pa</subfield><subfield code="p">32101078226279</subfield><subfield code="t">1</subfield><subfield code="a">23692418530006421</subfield><subfield code="3">no.219-228,231 2009</subfield><subfield code="d">2011-02-14 19:00:00 US/Eastern</subfield><subfield code="q">2011-02-15 05:59:00 US/Eastern</subfield><subfield code="y">recap</subfield></datafield><datafield tag="876" ind1=" " ind2=" "><subfield code="0">22692418930006421</subfield><subfield code="j">1</subfield><subfield code="z">cjk</subfield><subfield code="p">32101114065871</subfield><subfield code="a">231097017890006421</subfield><subfield code="3">2024 </subfield><subfield code="d">2026-01-06 12:09:20 US/Eastern</subfield><subfield code="q">2026-01-06 12:09:31 US/Eastern</subfield><subfield code="y">eastasian</subfield></datafield><datafield tag="876" ind1=" " ind2=" "><subfield code="0">22692418650006421</subfield><subfield code="j">1</subfield><subfield code="z">pa</subfield><subfield code="p">32101056663345</subfield><subfield code="t">1</subfield><subfield code="a">23692418620006421</subfield><subfield code="3">no.147-158 2003</subfield><subfield code="d">2004-09-15 20:00:00 US/Eastern</subfield><subfield code="q">2004-09-16 06:59:00 US/Eastern</subfield><subfield code="y">recap</subfield></datafield><datafield tag="876" ind1=" " ind2=" "><subfield code="0">22692418650006421</subfield><subfield code="j">1</subfield><subfield code="z">pa</subfield><subfield code="p">32101050116480</subfield><subfield code="t">1</subfield><subfield code="a">23692418630006421</subfield><subfield code="3">no.135-146 2002</subfield><subfield code="d">2003-11-30 19:00:00 US/Eastern</subfield><subfield code="q">2003-12-01 05:59:00 US/Eastern</subfield><subfield code="y">recap</subfield></datafield><datafield tag="876" ind1=" " ind2=" "><subfield code="0">22692418650006421</subfield><subfield code="j">1</subfield><subfield code="z">pa</subfield><subfield code="p">32101072394560</subfield><subfield code="t">1</subfield><subfield code="a">23692418540006421</subfield><subfield code="3">no.207-218 2008</subfield><subfield code="d">2009-08-02 20:00:00 US/Eastern</subfield><subfield code="q">2009-08-03 06:59:00 US/Eastern</subfield><subfield code="y">recap</subfield></datafield><datafield tag="876" ind1=" " ind2=" "><subfield code="0">22692418650006421</subfield><subfield code="j">1</subfield><subfield code="z">pa</subfield><subfield code="p">32101072394552</subfield><subfield code="t">1</subfield><subfield code="a">23692418550006421</subfield><subfield code="3">no.195-206 2007</subfield><subfield code="d">2009-08-02 20:00:00 US/Eastern</subfield><subfield code="q">2009-08-03 06:59:00 US/Eastern</subfield><subfield code="y">recap</subfield></datafield><datafield tag="876" ind1=" " ind2=" "><subfield code="0">22692418650006421</subfield><subfield code="j">1</subfield><subfield code="z">pa</subfield><subfield code="p">32101063681439</subfield><subfield code="t">1</subfield><subfield code="a">23692418600006421</subfield><subfield code="3">no.183-194 2006</subfield><subfield code="d">2008-05-27 20:00:00 US/Eastern</subfield><subfield code="q">2008-05-28 06:59:00 US/Eastern</subfield><subfield code="y">recap</subfield></datafield><datafield tag="876" ind1=" " ind2=" "><subfield code="0">22692418930006421</subfield><subfield code="j">1</subfield><subfield code="z">cjk</subfield><subfield code="p">32101115424457</subfield><subfield code="a">231010859000006421</subfield><subfield code="3">2023 </subfield><subfield code="d">2024-02-21 10:57:23 US/Eastern</subfield><subfield code="q">2024-08-02 10:13:14 US/Eastern</subfield><subfield code="y">eastasian</subfield></datafield><datafield tag="876" ind1=" " ind2=" "><subfield code="0">22692418930006421</subfield><subfield code="j">1</subfield><subfield code="z">cjk</subfield><subfield code="p">32101114218678</subfield><subfield code="a">23991967810006421</subfield><subfield code="3">2022 </subfield><subfield code="d">2023-09-06 12:29:08 US/Eastern</subfield><subfield code="q">2023-09-06 12:29:19 US/Eastern</subfield><subfield code="y">eastasian</subfield></datafield><datafield tag="876" ind1=" " ind2=" "><subfield code="0">22692418650006421</subfield><subfield code="j">1</subfield><subfield code="z">pa</subfield><subfield code="p">32101056462961</subfield><subfield code="t">1</subfield><subfield code="a">23692418640006421</subfield><subfield code="3">no.159-170 2004</subfield><subfield code="d">2005-09-08 20:00:00 US/Eastern</subfield><subfield code="q">2005-09-09 06:59:00 US/Eastern</subfield><subfield code="y">recap</subfield></datafield><datafield tag="876" ind1=" " ind2=" "><subfield code="0">22692418650006421</subfield><subfield code="j">1</subfield><subfield code="z">pa</subfield><subfield code="p">32101095367239</subfield><subfield code="t">1</subfield><subfield code="a">23692418660006421</subfield><subfield code="3">no.291-296 2015</subfield><subfield code="d">2016-04-21 20:00:00 US/Eastern</subfield><subfield code="q">2016-04-22 15:42:21 US/Eastern</subfield><subfield code="y">recap</subfield></datafield><datafield tag="876" ind1=" " ind2=" "><subfield code="0">22692418930006421</subfield><subfield code="j">1</subfield><subfield code="z">cjk</subfield><subfield code="p">32101114218694</subfield><subfield code="a">23991967860006421</subfield><subfield code="3">2020 </subfield><subfield code="d">2023-09-06 12:27:19 US/Eastern</subfield><subfield code="q">2023-09-06 12:27:41 US/Eastern</subfield><subfield code="y">eastasian</subfield></datafield><datafield tag="876" ind1=" " ind2=" "><subfield code="0">22692418650006421</subfield><subfield code="j">1</subfield><subfield code="z">pa</subfield><subfield code="p">32101081425447</subfield><subfield code="t">1</subfield><subfield code="a">23692418750006421</subfield><subfield code="3">no.285-290 2014</subfield><subfield code="d">2015-06-21 20:00:00 US/Eastern</subfield><subfield code="q">2015-06-22 15:42:04 US/Eastern</subfield><subfield code="y">recap</subfield></datafield><datafield tag="876" ind1=" " ind2=" "><subfield code="0">22692418930006421</subfield><subfield code="j">1</subfield><subfield code="z">cjk</subfield><subfield code="p">32101114218686</subfield><subfield code="a">23991967820006421</subfield><subfield code="3">2021 </subfield><subfield code="d">2023-09-06 12:28:21 US/Eastern</subfield><subfield code="q">2023-09-06 12:28:37 US/Eastern</subfield><subfield code="y">eastasian</subfield></datafield><datafield tag="876" ind1=" " ind2=" "><subfield code="0">22692418650006421</subfield><subfield code="j">1</subfield><subfield code="z">pa</subfield><subfield code="p">32101099531673</subfield><subfield code="t">1</subfield><subfield code="a">23692418740006421</subfield><subfield code="3">no.297-302 2015</subfield><subfield code="d">2017-03-06 19:00:00 US/Eastern</subfield><subfield code="q">2017-03-07 15:39:32 US/Eastern</subfield><subfield code="y">recap</subfield></datafield><datafield tag="876" ind1=" " ind2=" "><subfield code="0">22692418650006421</subfield><subfield code="j">1</subfield><subfield code="z">pa</subfield><subfield code="p">32101080397621</subfield><subfield code="t">1</subfield><subfield code="a">23692418760006421</subfield><subfield code="3">no.279-284 2014</subfield><subfield code="d">2015-01-29 19:00:00 US/Eastern</subfield><subfield code="q">2015-01-30 15:41:43 US/Eastern</subfield><subfield code="y">recap</subfield></datafield><datafield tag="876" ind1=" " ind2=" "><subfield code="0">22692418650006421</subfield><subfield code="j">1</subfield><subfield code="z">pa</subfield><subfield code="p">32101115610436</subfield><subfield code="t">1</subfield><subfield code="a">23692418700006421</subfield><subfield code="3">2018 </subfield><subfield code="d">2020-07-29 20:00:00 US/Eastern</subfield><subfield code="q">2020-07-30 10:32:31 US/Eastern</subfield><subfield code="y">recap</subfield></datafield><datafield tag="876" ind1=" " ind2=" "><subfield code="0">22692418650006421</subfield><subfield code="j">1</subfield><subfield code="z">pa</subfield><subfield code="p">32101115610444</subfield><subfield code="t">1</subfield><subfield code="a">23692418710006421</subfield><subfield code="3">2017 </subfield><subfield code="d">2020-07-29 20:00:00 US/Eastern</subfield><subfield code="q">2020-07-30 13:03:30 US/Eastern</subfield><subfield code="y">recap</subfield></datafield><datafield tag="876" ind1=" " ind2=" "><subfield code="0">22692418650006421</subfield><subfield code="j">1</subfield><subfield code="z">pa</subfield><subfield code="p">32101108701408</subfield><subfield code="t">1</subfield><subfield code="a">23692418720006421</subfield><subfield code="3">no.309-314 2016</subfield><subfield code="d">2020-07-29 20:00:00 US/Eastern</subfield><subfield code="q">2020-07-30 12:06:55 US/Eastern</subfield><subfield code="y">recap</subfield></datafield><datafield tag="876" ind1=" " ind2=" "><subfield code="0">22692418650006421</subfield><subfield code="j">1</subfield><subfield code="z">pa</subfield><subfield code="p">32101099533455</subfield><subfield code="t">1</subfield><subfield code="a">23692418730006421</subfield><subfield code="3">no.303-308 2016</subfield><subfield code="d">2017-03-19 20:00:00 US/Eastern</subfield><subfield code="q">2017-03-20 12:06:49 US/Eastern</subfield><subfield code="y">recap</subfield></datafield><datafield tag="876" ind1=" " ind2=" "><subfield code="0">22692418650006421</subfield><subfield code="j">1</subfield><subfield code="z">pa</subfield><subfield code="p">32101086665971</subfield><subfield code="t">1</subfield><subfield code="a">23692418770006421</subfield><subfield code="3">no.273-278 2013</subfield><subfield code="d">2014-10-01 20:00:00 US/Eastern</subfield><subfield code="q">2014-10-02 15:41:26 US/Eastern</subfield><subfield code="y">recap</subfield></datafield><datafield tag="876" ind1=" " ind2=" "><subfield code="0">22692418650006421</subfield><subfield code="j">1</subfield><subfield code="z">pa</subfield><subfield code="p">32101086216239</subfield><subfield code="t">1</subfield><subfield code="a">23692418790006421</subfield><subfield code="3">no.232-243 2010</subfield><subfield code="d">2012-05-06 20:00:00 US/Eastern</subfield><subfield code="q">2012-05-07 15:40:00 US/Eastern</subfield><subfield code="y">recap</subfield></datafield><datafield tag="876" ind1=" " ind2=" "><subfield code="0">22692418650006421</subfield><subfield code="j">1</subfield><subfield code="z">pa</subfield><subfield code="p">32101086665989</subfield><subfield code="t">1</subfield><subfield code="a">23692418780006421</subfield><subfield code="3">no.267-272 2013</subfield><subfield code="d">2014-10-01 20:00:00 US/Eastern</subfield><subfield code="q">2014-10-02 15:41:07 US/Eastern</subfield><subfield code="y">recap</subfield></datafield><datafield tag="876" ind1=" " ind2=" "><subfield code="0">22692418650006421</subfield><subfield code="j">1</subfield><subfield code="z">pa</subfield><subfield code="p">32101086338512</subfield><subfield code="t">1</subfield><subfield code="a">23692418680006421</subfield><subfield code="3">no.243-254 2011</subfield><subfield code="d">2012-08-08 20:00:00 US/Eastern</subfield><subfield code="q">2012-08-09 15:40:30 US/Eastern</subfield><subfield code="y">recap</subfield></datafield><datafield tag="876" ind1=" " ind2=" "><subfield code="0">22692418930006421</subfield><subfield code="j">1</subfield><subfield code="z">cjk</subfield><subfield code="p">32101108701374</subfield><subfield code="t">1</subfield><subfield code="a">23692418690006421</subfield><subfield code="3">2019 </subfield><subfield code="d">2020-07-29 20:00:00 US/Eastern</subfield><subfield code="q">2020-07-30 12:26:52 US/Eastern</subfield><subfield code="y">eastasian</subfield></datafield><datafield tag="876" ind1=" " ind2=" "><subfield code="0">22692418650006421</subfield><subfield code="j">1</subfield><subfield code="z">pa</subfield><subfield code="p">32101090100387</subfield><subfield code="t">1</subfield><subfield code="a">23692418670006421</subfield><subfield code="3">no.255-266 2012</subfield><subfield code="d">2013-07-18 20:00:00 US/Eastern</subfield><subfield code="q">2013-07-19 15:40:48 US/Eastern</subfield><subfield code="y">recap</subfield></datafield><datafield tag="876" ind1=" " ind2=" "><subfield code="0">22692418650006421</subfield><subfield code="j">1</subfield><subfield code="z">pa</subfield><subfield code="p">32101043966777</subfield><subfield code="t">1</subfield><subfield code="a">23692418580006421</subfield><subfield code="3">no.99-110 1999</subfield><subfield code="d">2002-05-13 20:00:00 US/Eastern</subfield><subfield code="q">2002-05-14 06:59:00 US/Eastern</subfield><subfield code="y">recap</subfield></datafield><datafield tag="876" ind1=" " ind2=" "><subfield code="0">22692418650006421</subfield><subfield code="j">1</subfield><subfield code="z">pa</subfield><subfield code="p">32101043966512</subfield><subfield code="t">1</subfield><subfield code="a">23692418590006421</subfield><subfield code="3">no.[96]-[98] 1998</subfield><subfield code="d">2002-05-13 20:00:00 US/Eastern</subfield><subfield code="q">2002-05-14 06:59:00 US/Eastern</subfield><subfield code="y">recap</subfield></datafield><datafield tag="876" ind1=" " ind2=" "><subfield code="0">22692418650006421</subfield><subfield code="j">1</subfield><subfield code="z">pa</subfield><subfield code="p">32101043966769</subfield><subfield code="t">1</subfield><subfield code="a">23692418570006421</subfield><subfield code="3">no.111-122 2000</subfield><subfield code="d">2002-05-13 20:00:00 US/Eastern</subfield><subfield code="q">2002-05-14 06:59:00 US/Eastern</subfield><subfield code="y">recap</subfield></datafield><datafield tag="876" ind1=" " ind2=" "><subfield code="0">22692418650006421</subfield><subfield code="j">1</subfield><subfield code="z">pa</subfield><subfield code="p">32101043658887</subfield><subfield code="t">1</subfield><subfield code="a">23692418560006421</subfield><subfield code="3">no.123-134 2001</subfield><subfield code="d">2002-07-16 20:00:00 US/Eastern</subfield><subfield code="q">2002-07-17 06:59:00 US/Eastern</subfield><subfield code="y">recap</subfield></datafield></record>