<record><leader>02366cas a2200445 a 4500</leader><controlfield tag="005">20240812105721.0</controlfield><controlfield tag="008">911021c19869999cc uu p       0   e0chi d</controlfield><controlfield tag="001">9931089963506421</controlfield><datafield tag="010" ind1=" " ind2=" "><subfield code="a">sn 87028322 </subfield></datafield><datafield tag="022" ind1=" " ind2=" "><subfield code="a">1000-0062</subfield></datafield><datafield tag="035" ind1=" " ind2=" "><subfield code="a">(CStRLIN)NJPX91-S424</subfield></datafield><datafield tag="035" ind1=" " ind2=" "><subfield code="a">(NjP)3108996-princetondb</subfield></datafield><datafield tag="035" ind1=" " ind2=" "><subfield code="a">(OCoLC)ocm15669669</subfield></datafield><datafield tag="035" ind1=" " ind2=" "><subfield code="z">(NjP)Voyager3108996</subfield></datafield><datafield tag="040" ind1=" " ind2=" "><subfield code="b">eng</subfield><subfield code="c">CSt-H</subfield><subfield code="d">ICU-FE</subfield><subfield code="d">NjP-G</subfield><subfield code="d">CStRLIN</subfield></datafield><datafield tag="041" ind1="0" ind2=" "><subfield code="a">chi</subfield><subfield code="f">eng</subfield></datafield><datafield tag="066" ind1=" " ind2=" "><subfield code="c">$1</subfield></datafield><datafield tag="090" ind1=" " ind2=" "><subfield code="a">AS452.P44</subfield><subfield code="b">A134</subfield><subfield code="i">07/09/03 T</subfield><subfield code="h">01/13/03 T</subfield><subfield code="h">02/09/00 T</subfield><subfield code="h">01/06/99 T</subfield><subfield code="h">10/03/97 T</subfield><subfield code="h">02/21/92 T</subfield></datafield><datafield tag="245" ind1="0" ind2="0"><subfield code="6">880-01</subfield><subfield code="a">Qing hua da xue xue bao.</subfield><subfield code="p">Zhe xue she hui ke xue ban =</subfield><subfield code="b">Journal of Tsinghua University.</subfield></datafield><datafield tag="880" ind1="0" ind2="0"><subfield code="6">245-01/$1</subfield><subfield code="a">清华大学学报.</subfield><subfield code="p">哲学社会科学版 =</subfield><subfield code="b">Journal of Tsinghua University.</subfield></datafield><datafield tag="246" ind1="1" ind2="1"><subfield code="a">Journal of Tsinghua University</subfield></datafield><datafield tag="246" ind1="1" ind2="3"><subfield code="a">Qinghua daxue xuebao</subfield></datafield><datafield tag="246" ind1="1" ind2="3"><subfield code="a">Journal of Tsinghua University.</subfield><subfield code="p">Philosophy and social sciences</subfield></datafield><datafield tag="260" ind1=" " ind2=" "><subfield code="6">880-02</subfield><subfield code="a">Beijing :</subfield><subfield code="b">"Qing hua da xue xue bao" bian ji bu,</subfield><subfield code="c">1986-</subfield></datafield><datafield tag="880" ind1=" " ind2=" "><subfield code="6">260-02/$1</subfield><subfield code="a">北京　:</subfield><subfield code="b">《清華大学学报》编辑部,</subfield><subfield code="c">1986-</subfield></datafield><datafield tag="300" ind1=" " ind2=" "><subfield code="a">v. :</subfield><subfield code="b">ill. ;</subfield><subfield code="c">26 cm.</subfield></datafield><datafield tag="362" ind1="0" ind2=" "><subfield code="6">880-03</subfield><subfield code="a">1986 nian di 1 qi (1986 nian 4 yue [Apr. 1986])-</subfield></datafield><datafield tag="880" ind1="0" ind2=" "><subfield code="6">362-03/$1</subfield><subfield code="a">1986年第1期 (1986年4月 [Apr. 1986])-</subfield></datafield><datafield tag="546" ind1=" " ind2=" "><subfield code="a">Table of contents also in English.</subfield></datafield><datafield tag="650" ind1=" " ind2="0"><subfield code="a">Social sciences</subfield><subfield code="x">Periodicals.</subfield></datafield><datafield tag="650" ind1=" " ind2="0"><subfield code="a">Philosophy</subfield><subfield code="v">Periodicals.</subfield><subfield code="0">http://id.loc.gov/authorities/subjects/sh2008109232</subfield></datafield><datafield tag="655" ind1=" " ind2="7"><subfield code="a">Periodicals.</subfield><subfield code="2">lcgft</subfield><subfield code="0">http://id.loc.gov/authorities/genreForms/gf2014026139</subfield></datafield><datafield tag="710" ind1="2" ind2=" "><subfield code="6">880-04</subfield><subfield code="a">Qing hua da xue (Beijing, China)</subfield><subfield code="0">http://id.loc.gov/authorities/names/n80118481</subfield></datafield><datafield tag="880" ind1="2" ind2=" "><subfield code="6">710-04/$1</subfield><subfield code="a">清華大学　(Beijing, China)</subfield></datafield><datafield tag="914" ind1=" " ind2=" "><subfield code="a">(OCoLC)ocm15669669</subfield><subfield code="b">OCoLC</subfield><subfield code="c">field transfer</subfield><subfield code="d">20221117</subfield><subfield code="e">processed</subfield><subfield code="f">15669669</subfield></datafield><datafield tag="950" ind1=" " ind2=" "><subfield code="l">C</subfield><subfield code="v">Vol.1 (1986)-13 (1998)</subfield><subfield code="n">#9</subfield><subfield code="n">#50</subfield><subfield code="p">2</subfield></datafield><datafield tag="955" ind1=" " ind2=" "><subfield code="l">C</subfield><subfield code="c">1:(vol.7-9 1992-1994)</subfield><subfield code="q">CNPITC 6-7-91</subfield><subfield code="r">32101032865493</subfield><subfield code="h">02/21/92 C</subfield></datafield><datafield tag="955" ind1=" " ind2=" "><subfield code="l">C</subfield><subfield code="c">1:(vol.10-11 1995-1996)</subfield><subfield code="r">32101032865501</subfield><subfield code="h">10/03/97 C</subfield></datafield><datafield tag="987" ind1=" " ind2=" "><subfield code="a">PINYIN</subfield><subfield code="b">CStRLIN</subfield><subfield code="c">20010423</subfield><subfield code="d">c</subfield><subfield code="e">1.1</subfield></datafield><datafield tag="998" ind1=" " ind2=" "><subfield code="a">07/09/03</subfield><subfield code="t">c</subfield><subfield code="s">9114</subfield><subfield code="n">NjP-G</subfield><subfield code="w">NJPX91S424</subfield><subfield code="d">02/09/00</subfield><subfield code="c">FSW</subfield><subfield code="b">SML</subfield><subfield code="i">030709</subfield><subfield code="h">030113</subfield><subfield code="h">000209</subfield><subfield code="h">990106</subfield><subfield code="h">971003</subfield><subfield code="h">920221</subfield><subfield code="l">NJPX</subfield></datafield><datafield tag="950" ind1=" " ind2=" "><subfield code="c">2024-08-12 10:57:21 US/Eastern</subfield><subfield code="b">2021-07-12 08:36:09 US/Eastern</subfield><subfield code="a">false</subfield></datafield><datafield tag="852" ind1="0" ind2=" "><subfield code="b">recap</subfield><subfield code="c">pa</subfield><subfield code="h">AS452.P44</subfield><subfield code="i">A134</subfield><subfield code="8">22482424430006421</subfield></datafield><datafield tag="866" ind1=" " ind2="0"><subfield code="a">Vol. 1 no.1 (1986)-v. 33 no.6 (2017)</subfield><subfield code="8">22482424430006421</subfield></datafield><datafield tag="952" ind1=" " ind2=" "><subfield code="d">2025-05-06 15:43:10</subfield><subfield code="8">22482424430006421</subfield><subfield code="a">2021-07-12 12:36:09</subfield><subfield code="b">ReCAP</subfield><subfield code="c">rcppa: RECAP</subfield><subfield code="e">false</subfield></datafield><datafield tag="852" ind1="0" ind2=" "><subfield code="b">eastasian</subfield><subfield code="c">cjk</subfield><subfield code="h">AS452.P44</subfield><subfield code="i">A134</subfield><subfield code="8">22482424610006421</subfield></datafield><datafield tag="866" ind1=" " ind2="0"><subfield code="a">Vol. 34 no. 1 (2019)-v. 34 no. 6 (2019); 2020 no. 1-2025 no. 3</subfield><subfield code="8">22482424610006421</subfield></datafield><datafield tag="866" ind1=" " ind2="0"><subfield code="z">CURRENT ISSUES IN: East Asian Library (Gest)</subfield><subfield code="8">22482424610006421</subfield></datafield><datafield tag="952" ind1=" " ind2=" "><subfield code="d">2026-01-13 19:00:55</subfield><subfield code="8">22482424610006421</subfield><subfield code="a">2021-07-12 12:36:09</subfield><subfield code="b">East Asian Library</subfield><subfield code="c">cjk: East Asian Library</subfield><subfield code="e">false</subfield></datafield><datafield tag="876" ind1=" " ind2=" "><subfield code="0">22482424430006421</subfield><subfield code="j">1</subfield><subfield code="z">pa</subfield><subfield code="p">32101078807367</subfield><subfield code="t">1</subfield><subfield code="a">23482424330006421</subfield><subfield code="3">vol.1-3 1986-1988</subfield><subfield code="d">2010-11-21 19:00:00 US/Eastern</subfield><subfield code="q">2010-11-22 05:59:00 US/Eastern</subfield><subfield code="y">recap</subfield></datafield><datafield tag="876" ind1=" " ind2=" "><subfield code="0">22482424430006421</subfield><subfield code="j">1</subfield><subfield code="z">pa</subfield><subfield code="p">32101100121985</subfield><subfield code="t">1</subfield><subfield code="a">23482424500006421</subfield><subfield code="3">vol.32 no.1-3 2017</subfield><subfield code="d">2018-05-17 20:00:00 US/Eastern</subfield><subfield code="q">2018-05-18 16:03:56 US/Eastern</subfield><subfield code="y">recap</subfield></datafield><datafield tag="876" ind1=" " ind2=" "><subfield code="0">22482424610006421</subfield><subfield code="j">1</subfield><subfield code="z">cjk</subfield><subfield code="p">32101110496278</subfield><subfield code="a">23940932390006421</subfield><subfield code="3">2020 no. 1-3 </subfield><subfield code="d">2022-09-02 12:36:47 US/Eastern</subfield><subfield code="q">2022-09-02 12:40:43 US/Eastern</subfield><subfield code="y">eastasian</subfield></datafield><datafield tag="876" ind1=" " ind2=" "><subfield code="0">22482424430006421</subfield><subfield code="j">1</subfield><subfield code="z">pa</subfield><subfield code="p">32101100122009</subfield><subfield code="t">1</subfield><subfield code="a">23482424510006421</subfield><subfield code="3">vol.31 no.4-6 2016</subfield><subfield code="d">2018-05-17 20:00:00 US/Eastern</subfield><subfield code="q">2018-05-18 16:04:11 US/Eastern</subfield><subfield code="y">recap</subfield></datafield><datafield tag="876" ind1=" " ind2=" "><subfield code="0">22482424430006421</subfield><subfield code="j">1</subfield><subfield code="z">pa</subfield><subfield code="p">32101078889175</subfield><subfield code="t">1</subfield><subfield code="a">23482424310006421</subfield><subfield code="3">vol.7-9 1992-1994</subfield><subfield code="d">2010-11-21 19:00:00 US/Eastern</subfield><subfield code="q">2010-11-22 05:59:00 US/Eastern</subfield><subfield code="y">recap</subfield></datafield><datafield tag="876" ind1=" " ind2=" "><subfield code="0">22482424430006421</subfield><subfield code="j">1</subfield><subfield code="z">pa</subfield><subfield code="p">32101066012558</subfield><subfield code="t">1</subfield><subfield code="a">23482424350006421</subfield><subfield code="3">vol.22 2007</subfield><subfield code="d">2009-03-24 20:00:00 US/Eastern</subfield><subfield code="q">2009-03-25 06:59:00 US/Eastern</subfield><subfield code="y">recap</subfield></datafield><datafield tag="876" ind1=" " ind2=" "><subfield code="0">22482424430006421</subfield><subfield code="j">1</subfield><subfield code="z">pa</subfield><subfield code="p">32101078807375</subfield><subfield code="t">1</subfield><subfield code="a">23482424320006421</subfield><subfield code="3">vol.4-6 1989-1991</subfield><subfield code="d">2010-11-21 19:00:00 US/Eastern</subfield><subfield code="q">2010-11-22 05:59:00 US/Eastern</subfield><subfield code="y">recap</subfield></datafield><datafield tag="876" ind1=" " ind2=" "><subfield code="0">22482424430006421</subfield><subfield code="j">1</subfield><subfield code="z">pa</subfield><subfield code="p">32101078980198</subfield><subfield code="t">1</subfield><subfield code="a">23482424340006421</subfield><subfield code="3">vol.25 no.1-3 2010</subfield><subfield code="d">2010-11-16 19:00:00 US/Eastern</subfield><subfield code="q">2010-11-17 05:59:00 US/Eastern</subfield><subfield code="y">recap</subfield></datafield><datafield tag="876" ind1=" " ind2=" "><subfield code="0">22482424430006421</subfield><subfield code="j">1</subfield><subfield code="z">pa</subfield><subfield code="p">32101078889183</subfield><subfield code="t">1</subfield><subfield code="a">23482424300006421</subfield><subfield code="3">vol.10-11 1995-1996</subfield><subfield code="d">2010-11-21 19:00:00 US/Eastern</subfield><subfield code="q">2010-11-22 05:59:00 US/Eastern</subfield><subfield code="y">recap</subfield></datafield><datafield tag="876" ind1=" " ind2=" "><subfield code="0">22482424610006421</subfield><subfield code="j">1</subfield><subfield code="z">cjk</subfield><subfield code="a">231095919960006421</subfield><subfield code="3">2025 no. 4 </subfield><subfield code="d">2025-12-18 11:25:11 US/Eastern</subfield><subfield code="q">2025-12-18 14:01:28 US/Eastern</subfield><subfield code="y">eastasian</subfield></datafield><datafield tag="876" ind1=" " ind2=" "><subfield code="0">22482424430006421</subfield><subfield code="j">1</subfield><subfield code="z">pa</subfield><subfield code="p">32101059151041</subfield><subfield code="t">1</subfield><subfield code="a">23482424370006421</subfield><subfield code="3">vol.20 2005</subfield><subfield code="d">2006-07-30 20:00:00 US/Eastern</subfield><subfield code="q">2006-07-31 06:59:00 US/Eastern</subfield><subfield code="y">recap</subfield></datafield><datafield tag="876" ind1=" " ind2=" "><subfield code="0">22482424430006421</subfield><subfield code="j">1</subfield><subfield code="z">pa</subfield><subfield code="p">32101063085870</subfield><subfield code="t">1</subfield><subfield code="a">23482424360006421</subfield><subfield code="3">vol.21 2006</subfield><subfield code="d">2007-10-17 20:00:00 US/Eastern</subfield><subfield code="q">2007-10-18 06:59:00 US/Eastern</subfield><subfield code="y">recap</subfield></datafield><datafield tag="876" ind1=" " ind2=" "><subfield code="0">22482424610006421</subfield><subfield code="j">1</subfield><subfield code="z">cjk</subfield><subfield code="p">32101113927733</subfield><subfield code="a">23993833150006421</subfield><subfield code="3">2022 no. 4-6 </subfield><subfield code="d">2023-10-10 14:53:26 US/Eastern</subfield><subfield code="q">2023-10-10 14:53:42 US/Eastern</subfield><subfield code="y">eastasian</subfield></datafield><datafield tag="876" ind1=" " ind2=" "><subfield code="0">22482424430006421</subfield><subfield code="j">1</subfield><subfield code="z">pa</subfield><subfield code="p">32101095212823</subfield><subfield code="t">1</subfield><subfield code="a">23482424520006421</subfield><subfield code="3">vol.31 no.1-3 2016</subfield><subfield code="d">2016-12-08 19:00:00 US/Eastern</subfield><subfield code="q">2016-12-09 15:51:53 US/Eastern</subfield><subfield code="y">recap</subfield></datafield><datafield tag="876" ind1=" " ind2=" "><subfield code="0">22482424430006421</subfield><subfield code="j">1</subfield><subfield code="z">pa</subfield><subfield code="p">32101095212807</subfield><subfield code="t">1</subfield><subfield code="a">23482424530006421</subfield><subfield code="3">vol.30 no.4-6 2015</subfield><subfield code="d">2016-12-08 19:00:00 US/Eastern</subfield><subfield code="q">2016-12-09 16:03:16 US/Eastern</subfield><subfield code="y">recap</subfield></datafield><datafield tag="876" ind1=" " ind2=" "><subfield code="0">22482424610006421</subfield><subfield code="j">1</subfield><subfield code="z">cjk</subfield><subfield code="p">32101115481564</subfield><subfield code="a">231002400760006421</subfield><subfield code="3">2023 no. 1-3 </subfield><subfield code="d">2023-11-29 10:20:02 US/Eastern</subfield><subfield code="q">2024-02-07 14:16:52 US/Eastern</subfield><subfield code="y">eastasian</subfield></datafield><datafield tag="876" ind1=" " ind2=" "><subfield code="0">22482424430006421</subfield><subfield code="j">1</subfield><subfield code="z">pa</subfield><subfield code="p">32101048700429</subfield><subfield code="t">1</subfield><subfield code="a">23482424390006421</subfield><subfield code="3">vol.15 2000</subfield><subfield code="d">2003-01-14 19:00:00 US/Eastern</subfield><subfield code="q">2003-01-15 05:59:00 US/Eastern</subfield><subfield code="y">recap</subfield></datafield><datafield tag="876" ind1=" " ind2=" "><subfield code="0">22482424610006421</subfield><subfield code="j">1</subfield><subfield code="z">cjk</subfield><subfield code="p">32101113927741</subfield><subfield code="a">23951700710006421</subfield><subfield code="3">2022 no. 1-3 </subfield><subfield code="d">2022-11-16 12:42:01 US/Eastern</subfield><subfield code="q">2023-10-10 14:52:36 US/Eastern</subfield><subfield code="y">eastasian</subfield></datafield><datafield tag="876" ind1=" " ind2=" "><subfield code="0">22482424430006421</subfield><subfield code="j">1</subfield><subfield code="z">pa</subfield><subfield code="p">32101072396425</subfield><subfield code="t">1</subfield><subfield code="a">23482424200006421</subfield><subfield code="3">vol.23 no.1-3 2008</subfield><subfield code="d">2009-10-11 20:00:00 US/Eastern</subfield><subfield code="q">2009-10-12 06:59:00 US/Eastern</subfield><subfield code="y">recap</subfield></datafield><datafield tag="876" ind1=" " ind2=" "><subfield code="0">22482424430006421</subfield><subfield code="j">1</subfield><subfield code="z">pa</subfield><subfield code="p">32101056650177</subfield><subfield code="t">1</subfield><subfield code="a">23482424220006421</subfield><subfield code="3">vol.18 2003</subfield><subfield code="d">2005-01-17 19:00:00 US/Eastern</subfield><subfield code="q">2005-01-18 05:59:00 US/Eastern</subfield><subfield code="y">recap</subfield></datafield><datafield tag="876" ind1=" " ind2=" "><subfield code="0">22482424430006421</subfield><subfield code="j">1</subfield><subfield code="z">pa</subfield><subfield code="p">32101082103126</subfield><subfield code="t">1</subfield><subfield code="a">23482424280006421</subfield><subfield code="3">vol.27 no.1-3 2012</subfield><subfield code="d">2013-03-18 20:00:00 US/Eastern</subfield><subfield code="q">2013-03-19 06:59:00 US/Eastern</subfield><subfield code="y">recap</subfield></datafield><datafield tag="876" ind1=" " ind2=" "><subfield code="0">22482424610006421</subfield><subfield code="j">1</subfield><subfield code="z">cjk</subfield><subfield code="p">32101110496294</subfield><subfield code="a">23940932360006421</subfield><subfield code="3">2021 no. 1-3 </subfield><subfield code="d">2022-09-02 12:39:42 US/Eastern</subfield><subfield code="q">2022-09-02 12:39:55 US/Eastern</subfield><subfield code="y">eastasian</subfield></datafield><datafield tag="876" ind1=" " ind2=" "><subfield code="0">22482424610006421</subfield><subfield code="j">1</subfield><subfield code="z">cjk</subfield><subfield code="p">32101114066127</subfield><subfield code="a">231100160930006421</subfield><subfield code="3">2024 no. 4-6 </subfield><subfield code="d">2026-01-13 14:01:42 US/Eastern</subfield><subfield code="q">2026-01-13 14:04:36 US/Eastern</subfield><subfield code="y">eastasian</subfield></datafield><datafield tag="876" ind1=" " ind2=" "><subfield code="0">22482424430006421</subfield><subfield code="j">1</subfield><subfield code="z">pa</subfield><subfield code="p">32101088501992</subfield><subfield code="t">1</subfield><subfield code="a">23482424110006421</subfield><subfield code="3">vol.27 no.4-6 2012</subfield><subfield code="d">2013-08-11 20:00:00 US/Eastern</subfield><subfield code="q">2013-08-12 06:59:00 US/Eastern</subfield><subfield code="y">recap</subfield></datafield><datafield tag="876" ind1=" " ind2=" "><subfield code="0">22482424430006421</subfield><subfield code="j">1</subfield><subfield code="z">pa</subfield><subfield code="p">32101086332150</subfield><subfield code="t">1</subfield><subfield code="a">23482424170006421</subfield><subfield code="3">vol.26 no.4-6 2011</subfield><subfield code="d">2012-07-11 20:00:00 US/Eastern</subfield><subfield code="q">2012-07-12 06:59:00 US/Eastern</subfield><subfield code="y">recap</subfield></datafield><datafield tag="876" ind1=" " ind2=" "><subfield code="0">22482424430006421</subfield><subfield code="j">1</subfield><subfield code="z">pa</subfield><subfield code="p">32101072396433</subfield><subfield code="t">1</subfield><subfield code="a">23482424190006421</subfield><subfield code="3">vol.23 no.4-6 2008</subfield><subfield code="d">2009-10-11 20:00:00 US/Eastern</subfield><subfield code="q">2009-10-12 06:59:00 US/Eastern</subfield><subfield code="y">recap</subfield></datafield><datafield tag="876" ind1=" " ind2=" "><subfield code="0">22482424430006421</subfield><subfield code="j">1</subfield><subfield code="z">pa</subfield><subfield code="p">32101078889209</subfield><subfield code="t">1</subfield><subfield code="a">23482424410006421</subfield><subfield code="3">vol.13 1998</subfield><subfield code="d">2000-06-12 20:00:00 US/Eastern</subfield><subfield code="q">2000-06-13 06:59:00 US/Eastern</subfield><subfield code="y">recap</subfield></datafield><datafield tag="876" ind1=" " ind2=" "><subfield code="0">22482424430006421</subfield><subfield code="j">1</subfield><subfield code="z">pa</subfield><subfield code="p">32101078889191</subfield><subfield code="t">1</subfield><subfield code="a">23482424420006421</subfield><subfield code="3">vol.12 1997</subfield><subfield code="d">2000-06-12 20:00:00 US/Eastern</subfield><subfield code="q">2000-06-13 06:59:00 US/Eastern</subfield><subfield code="y">recap</subfield></datafield><datafield tag="876" ind1=" " ind2=" "><subfield code="0">22482424430006421</subfield><subfield code="j">1</subfield><subfield code="z">pa</subfield><subfield code="p">32101086655634</subfield><subfield code="t">1</subfield><subfield code="a">23482424260006421</subfield><subfield code="3">vol.28 no.4-6 2013</subfield><subfield code="d">2014-03-09 20:00:00 US/Eastern</subfield><subfield code="q">2014-03-10 06:59:00 US/Eastern</subfield><subfield code="y">recap</subfield></datafield><datafield tag="876" ind1=" " ind2=" "><subfield code="0">22482424430006421</subfield><subfield code="j">1</subfield><subfield code="z">pa</subfield><subfield code="p">32101048737157</subfield><subfield code="t">1</subfield><subfield code="a">23482424230006421</subfield><subfield code="3">vol.17 &amp; suppl. no.1 2002</subfield><subfield code="d">2003-07-08 20:00:00 US/Eastern</subfield><subfield code="q">2003-07-09 06:59:00 US/Eastern</subfield><subfield code="y">recap</subfield></datafield><datafield tag="876" ind1=" " ind2=" "><subfield code="0">22482424430006421</subfield><subfield code="j">1</subfield><subfield code="z">pa</subfield><subfield code="p">32101086733092</subfield><subfield code="t">1</subfield><subfield code="a">23482424240006421</subfield><subfield code="3">vol.29 no.4-6 2014</subfield><subfield code="d">2015-10-12 20:00:00 US/Eastern</subfield><subfield code="q">2015-10-13 06:59:00 US/Eastern</subfield><subfield code="y">recap</subfield></datafield><datafield tag="876" ind1=" " ind2=" "><subfield code="0">22482424430006421</subfield><subfield code="j">1</subfield><subfield code="z">pa</subfield><subfield code="p">32101086668389</subfield><subfield code="t">1</subfield><subfield code="a">23482424250006421</subfield><subfield code="3">vol.29 no.1-3 2014</subfield><subfield code="d">2014-11-13 19:00:00 US/Eastern</subfield><subfield code="q">2014-11-14 05:59:00 US/Eastern</subfield><subfield code="y">recap</subfield></datafield><datafield tag="876" ind1=" " ind2=" "><subfield code="0">22482424610006421</subfield><subfield code="j">1</subfield><subfield code="z">cjk</subfield><subfield code="p">32101115428607</subfield><subfield code="a">231037730000006421</subfield><subfield code="3">2024 no. 1-3 </subfield><subfield code="d">2024-12-16 12:27:52 US/Eastern</subfield><subfield code="q">2024-12-16 12:28:09 US/Eastern</subfield><subfield code="y">eastasian</subfield></datafield><datafield tag="876" ind1=" " ind2=" "><subfield code="0">22482424610006421</subfield><subfield code="j">1</subfield><subfield code="z">cjk</subfield><subfield code="p">32101109568624</subfield><subfield code="t">1</subfield><subfield code="a">23482424450006421</subfield><subfield code="3">vol.34 no.4-6 2019</subfield><subfield code="d">2020-03-03 19:00:00 US/Eastern</subfield><subfield code="q">2020-03-04 05:59:00 US/Eastern</subfield><subfield code="y">eastasian</subfield></datafield><datafield tag="876" ind1=" " ind2=" "><subfield code="0">22482424430006421</subfield><subfield code="j">1</subfield><subfield code="z">pa</subfield><subfield code="p">32101109568640</subfield><subfield code="t">1</subfield><subfield code="a">23482424470006421</subfield><subfield code="3">vol.33 no.4-6 2018</subfield><subfield code="d">2020-03-03 19:00:00 US/Eastern</subfield><subfield code="q">2020-03-04 11:42:08 US/Eastern</subfield><subfield code="y">recap</subfield></datafield><datafield tag="876" ind1=" " ind2=" "><subfield code="0">22482424430006421</subfield><subfield code="j">1</subfield><subfield code="z">pa</subfield><subfield code="p">32101078889217</subfield><subfield code="t">1</subfield><subfield code="a">23482424400006421</subfield><subfield code="3">vol.14 1999</subfield><subfield code="d">2000-12-27 19:00:00 US/Eastern</subfield><subfield code="q">2000-12-28 05:59:00 US/Eastern</subfield><subfield code="y">recap</subfield></datafield><datafield tag="876" ind1=" " ind2=" "><subfield code="0">22482424610006421</subfield><subfield code="j">1</subfield><subfield code="z">cjk</subfield><subfield code="p">32101115423558</subfield><subfield code="a">231013308940006421</subfield><subfield code="3">2023 no. 4-6 </subfield><subfield code="d">2024-03-12 14:49:10 US/Eastern</subfield><subfield code="q">2024-07-31 11:30:53 US/Eastern</subfield><subfield code="y">eastasian</subfield></datafield><datafield tag="876" ind1=" " ind2=" "><subfield code="0">22482424610006421</subfield><subfield code="j">1</subfield><subfield code="z">cjk</subfield><subfield code="p">32101109568632</subfield><subfield code="t">1</subfield><subfield code="a">23482424460006421</subfield><subfield code="3">vol.34 no.1-3 2019</subfield><subfield code="d">2020-03-03 19:00:00 US/Eastern</subfield><subfield code="q">2020-03-04 05:59:00 US/Eastern</subfield><subfield code="y">eastasian</subfield></datafield><datafield tag="876" ind1=" " ind2=" "><subfield code="0">22482424430006421</subfield><subfield code="j">1</subfield><subfield code="z">pa</subfield><subfield code="p">32101109568657</subfield><subfield code="t">1</subfield><subfield code="a">23482424480006421</subfield><subfield code="3">vol.33 no.1-3 2018</subfield><subfield code="d">2020-03-03 19:00:00 US/Eastern</subfield><subfield code="q">2020-03-04 11:42:00 US/Eastern</subfield><subfield code="y">recap</subfield></datafield><datafield tag="876" ind1=" " ind2=" "><subfield code="0">22482424430006421</subfield><subfield code="j">1</subfield><subfield code="z">pa</subfield><subfield code="p">32101099725952</subfield><subfield code="t">1</subfield><subfield code="a">23482424440006421</subfield><subfield code="3">vol.30 no.1-3 2015</subfield><subfield code="d">2016-07-17 20:00:00 US/Eastern</subfield><subfield code="q">2016-07-18 15:52:08 US/Eastern</subfield><subfield code="y">recap</subfield></datafield><datafield tag="876" ind1=" " ind2=" "><subfield code="0">22482424430006421</subfield><subfield code="j">1</subfield><subfield code="z">pa</subfield><subfield code="p">32101100121993</subfield><subfield code="t">1</subfield><subfield code="a">23482424490006421</subfield><subfield code="3">vol.32 no.4-6 2017</subfield><subfield code="d">2018-05-17 20:00:00 US/Eastern</subfield><subfield code="q">2018-05-18 16:04:26 US/Eastern</subfield><subfield code="y">recap</subfield></datafield><datafield tag="876" ind1=" " ind2=" "><subfield code="0">22482424430006421</subfield><subfield code="j">1</subfield><subfield code="z">pa</subfield><subfield code="p">32101048700411</subfield><subfield code="t">1</subfield><subfield code="a">23482424380006421</subfield><subfield code="3">vol.16 2001</subfield><subfield code="d">2003-01-14 19:00:00 US/Eastern</subfield><subfield code="q">2003-01-15 05:59:00 US/Eastern</subfield><subfield code="y">recap</subfield></datafield><datafield tag="876" ind1=" " ind2=" "><subfield code="0">22482424430006421</subfield><subfield code="j">1</subfield><subfield code="z">pa</subfield><subfield code="p">32101056636705</subfield><subfield code="t">1</subfield><subfield code="a">23482424210006421</subfield><subfield code="3">vol.19 2004</subfield><subfield code="d">2005-12-12 19:00:00 US/Eastern</subfield><subfield code="q">2005-12-13 05:59:00 US/Eastern</subfield><subfield code="y">recap</subfield></datafield><datafield tag="876" ind1=" " ind2=" "><subfield code="0">22482424610006421</subfield><subfield code="j">1</subfield><subfield code="z">cjk</subfield><subfield code="p">32101114066119</subfield><subfield code="a">231100160920006421</subfield><subfield code="3">2025 no. 1-3 </subfield><subfield code="d">2026-01-13 14:03:41 US/Eastern</subfield><subfield code="q">2026-01-13 14:03:53 US/Eastern</subfield><subfield code="y">eastasian</subfield></datafield><datafield tag="876" ind1=" " ind2=" "><subfield code="0">22482424430006421</subfield><subfield code="j">1</subfield><subfield code="z">pa</subfield><subfield code="p">32101078973110</subfield><subfield code="t">1</subfield><subfield code="a">23482424120006421</subfield><subfield code="3">vol.24 no.4-6 2009</subfield><subfield code="d">2010-09-21 20:00:00 US/Eastern</subfield><subfield code="q">2010-09-22 06:59:00 US/Eastern</subfield><subfield code="y">recap</subfield></datafield><datafield tag="876" ind1=" " ind2=" "><subfield code="0">22482424430006421</subfield><subfield code="j">1</subfield><subfield code="z">pa</subfield><subfield code="p">32101082781855</subfield><subfield code="t">1</subfield><subfield code="a">23482424290006421</subfield><subfield code="3">vol.25 no.4-6 2010</subfield><subfield code="d">2011-05-11 20:00:00 US/Eastern</subfield><subfield code="q">2011-05-12 06:59:00 US/Eastern</subfield><subfield code="y">recap</subfield></datafield><datafield tag="876" ind1=" " ind2=" "><subfield code="0">22482424610006421</subfield><subfield code="j">1</subfield><subfield code="z">cjk</subfield><subfield code="p">32101110496286</subfield><subfield code="a">23940932370006421</subfield><subfield code="3">2020 no. 4-6 </subfield><subfield code="d">2022-09-02 12:38:40 US/Eastern</subfield><subfield code="q">2022-09-02 12:38:55 US/Eastern</subfield><subfield code="y">eastasian</subfield></datafield><datafield tag="876" ind1=" " ind2=" "><subfield code="0">22482424610006421</subfield><subfield code="j">1</subfield><subfield code="z">cjk</subfield><subfield code="p">32101110496302</subfield><subfield code="a">23940932350006421</subfield><subfield code="3">2021 no. 4-6 </subfield><subfield code="d">2022-09-02 12:40:50 US/Eastern</subfield><subfield code="q">2022-09-02 12:41:23 US/Eastern</subfield><subfield code="y">eastasian</subfield></datafield><datafield tag="876" ind1=" " ind2=" "><subfield code="0">22482424430006421</subfield><subfield code="j">1</subfield><subfield code="z">pa</subfield><subfield code="p">32101093522207</subfield><subfield code="t">1</subfield><subfield code="a">23482424270006421</subfield><subfield code="3">vol.28 no.1-3 2013</subfield><subfield code="d">2013-12-19 19:00:00 US/Eastern</subfield><subfield code="q">2013-12-20 05:59:00 US/Eastern</subfield><subfield code="y">recap</subfield></datafield><datafield tag="876" ind1=" " ind2=" "><subfield code="0">22482424430006421</subfield><subfield code="j">1</subfield><subfield code="z">pa</subfield><subfield code="p">32101086332143</subfield><subfield code="t">1</subfield><subfield code="a">23482424180006421</subfield><subfield code="3">vol.26 no.1-3 2011</subfield><subfield code="d">2012-07-11 20:00:00 US/Eastern</subfield><subfield code="q">2012-07-12 06:59:00 US/Eastern</subfield><subfield code="y">recap</subfield></datafield><datafield tag="876" ind1=" " ind2=" "><subfield code="0">22482424430006421</subfield><subfield code="j">1</subfield><subfield code="z">pa</subfield><subfield code="p">32101093549127</subfield><subfield code="t">1</subfield><subfield code="a">23482424140006421</subfield><subfield code="3">vol.24 no.1-3 2009</subfield><subfield code="d">2018-10-03 20:00:00 US/Eastern</subfield><subfield code="q">2018-10-04 06:59:00 US/Eastern</subfield><subfield code="y">recap</subfield></datafield></record>