<record><leader>02364cas a2200469 a 4500</leader><controlfield tag="005">20240927142943.0</controlfield><controlfield tag="008">971029c19uu9999cc br p       0   e0chi d</controlfield><controlfield tag="001">9931548513506421</controlfield><datafield tag="022" ind1=" " ind2=" "><subfield code="a">1005-9458</subfield></datafield><datafield tag="035" ind1=" " ind2=" "><subfield code="a">(CStRLIN)NJPX97-S348</subfield></datafield><datafield tag="035" ind1=" " ind2=" "><subfield code="a">(NjP)3154851-princetondb</subfield></datafield><datafield tag="035" ind1=" " ind2=" "><subfield code="a">(OCoLC)ocm49656302</subfield></datafield><datafield tag="035" ind1=" " ind2=" "><subfield code="z">(NjP)Voyager3154851</subfield></datafield><datafield tag="040" ind1=" " ind2=" "><subfield code="a">NjP-G</subfield><subfield code="b">eng</subfield><subfield code="c">NjP-G</subfield><subfield code="d">CStRLIN</subfield><subfield code="d">NjP-G</subfield></datafield><datafield tag="066" ind1=" " ind2=" "><subfield code="c">$1</subfield></datafield><datafield tag="090" ind1=" " ind2=" "><subfield code="a">CD2030</subfield><subfield code="b">.T36</subfield><subfield code="i">03/25/02 T</subfield><subfield code="h">01/21/00 T</subfield><subfield code="h">11/03/97 T</subfield></datafield><datafield tag="245" ind1="0" ind2="0"><subfield code="6">880-01</subfield><subfield code="a">Dang an guan li =</subfield><subfield code="b">Management archives.</subfield></datafield><datafield tag="880" ind1="0" ind2="0"><subfield code="6">245-01/$1</subfield><subfield code="a">档案管理 =</subfield><subfield code="b">Management archives.</subfield></datafield><datafield tag="246" ind1="3" ind2="1"><subfield code="a">Management archives</subfield></datafield><datafield tag="246" ind1="3" ind2=" "><subfield code="a">Danganguanli</subfield></datafield><datafield tag="246" ind1="3" ind2=" "><subfield code="a">Dangan guanli</subfield><subfield code="f">1995-</subfield></datafield><datafield tag="260" ind1=" " ind2=" "><subfield code="6">880-02</subfield><subfield code="a">Zhengzhou Shi :</subfield><subfield code="b">"Dang an guan li" bian ji bu,</subfield></datafield><datafield tag="880" ind1=" " ind2=" "><subfield code="6">260-02/$1</subfield><subfield code="a">郑州市 :</subfield><subfield code="b">《档案管理》编辑部,</subfield></datafield><datafield tag="300" ind1=" " ind2=" "><subfield code="a">v. :</subfield><subfield code="b">ill. ;</subfield><subfield code="c">26 cm.</subfield></datafield><datafield tag="310" ind1=" " ind2=" "><subfield code="a">Bimonthly</subfield></datafield><datafield tag="583" ind1="1" ind2=" "><subfield code="a">Committed to retain</subfield><subfield code="d">in perpetuity</subfield><subfield code="f">ReCAP</subfield><subfield code="f">Chinese Serials Collaborative Collection</subfield><subfield code="5">[MH, NjP, NN, or NNC]</subfield><subfield code="u">http://arks.princeton.edu/ark:/88435/dcxg94j1575</subfield></datafield><datafield tag="588" ind1=" " ind2=" "><subfield code="a">Description based on: 1995, 1 = zong di 92 qi; title from cover.</subfield></datafield><datafield tag="550" ind1=" " ind2=" "><subfield code="a">Sponsored by: Henan Sheng dang an chu, and: Henan Sheng dang an xue hui.</subfield></datafield><datafield tag="650" ind1=" " ind2="0"><subfield code="a">Archives</subfield><subfield code="z">China</subfield><subfield code="x">Periodicals.</subfield></datafield><datafield tag="650" ind1=" " ind2="0"><subfield code="a">Archives</subfield><subfield code="v">Periodicals.</subfield><subfield code="0">http://id.loc.gov/authorities/subjects/sh2007101333</subfield></datafield><datafield tag="655" ind1=" " ind2="7"><subfield code="a">Periodicals.</subfield><subfield code="2">lcgft</subfield><subfield code="0">http://id.loc.gov/authorities/genreForms/gf2014026139</subfield></datafield><datafield tag="710" ind1="1" ind2=" "><subfield code="6">880-03</subfield><subfield code="a">Henan Sheng (China).</subfield><subfield code="b">Dang an ju.</subfield><subfield code="0">http://id.loc.gov/authorities/names/nr98015365</subfield></datafield><datafield tag="880" ind1="1" ind2=" "><subfield code="6">710-03/$1</subfield><subfield code="a">Henan Sheng (China).</subfield><subfield code="b">档案局.</subfield></datafield><datafield tag="710" ind1="2" ind2=" "><subfield code="6">880-04</subfield><subfield code="a">Henan Sheng dang an xue hui.</subfield><subfield code="0">http://id.loc.gov/authorities/names/nr98015367</subfield></datafield><datafield tag="880" ind1="2" ind2=" "><subfield code="6">710-04/$1</subfield><subfield code="a">河南档案学会.</subfield></datafield><datafield tag="780" ind1="0" ind2="0"><subfield code="6">880-05</subfield><subfield code="t">Henan dang an</subfield></datafield><datafield tag="880" ind1="0" ind2="0"><subfield code="6">780-05/$1</subfield><subfield code="t">河南档案</subfield></datafield><datafield tag="914" ind1=" " ind2=" "><subfield code="a">(OCoLC)ocm49656302</subfield><subfield code="b">OCoLC</subfield><subfield code="c">field transfer</subfield><subfield code="d">20221117</subfield><subfield code="e">processed</subfield><subfield code="f">49656302</subfield></datafield><datafield tag="950" ind1=" " ind2=" "><subfield code="l">C</subfield><subfield code="v">No.92 (1995)-109 (1997)</subfield><subfield code="n">#9</subfield><subfield code="n">#50</subfield><subfield code="p">2</subfield></datafield><datafield tag="955" ind1=" " ind2=" "><subfield code="l">C</subfield><subfield code="c">1:(no.92-103 1995-1996)</subfield><subfield code="q">CNPITC 6-26-96</subfield><subfield code="r">32101033224039</subfield><subfield code="h">11/03/97 C</subfield></datafield><datafield tag="987" ind1=" " ind2=" "><subfield code="a">PINYIN</subfield><subfield code="b">NjP-G</subfield><subfield code="c">20020325</subfield><subfield code="d">c</subfield></datafield><datafield tag="998" ind1=" " ind2=" "><subfield code="a">03/25/02</subfield><subfield code="t">c</subfield><subfield code="s">9114</subfield><subfield code="n">NjP-G</subfield><subfield code="w">NJPX97S348</subfield><subfield code="d">01/21/00</subfield><subfield code="c">CSW</subfield><subfield code="b">IC</subfield><subfield code="i">020325</subfield><subfield code="h">000121</subfield><subfield code="h">971103</subfield><subfield code="l">NJPX</subfield></datafield><datafield tag="950" ind1=" " ind2=" "><subfield code="c">2024-09-27 14:29:43 US/Eastern</subfield><subfield code="b">2021-07-12 20:14:51 US/Eastern</subfield><subfield code="a">false</subfield></datafield><datafield tag="852" ind1="0" ind2=" "><subfield code="b">recap</subfield><subfield code="c">pa</subfield><subfield code="h">CD2030</subfield><subfield code="i">.T36</subfield><subfield code="8">22608838740006421</subfield></datafield><datafield tag="866" ind1=" " ind2="0"><subfield code="a">No. 92 (1995)-no. 217 (2015); 2016 no.1 - 2020 no. 6</subfield><subfield code="8">22608838740006421</subfield></datafield><datafield tag="952" ind1=" " ind2=" "><subfield code="d">2025-05-20 13:08:46</subfield><subfield code="8">22608838740006421</subfield><subfield code="a">2021-07-13 00:14:51</subfield><subfield code="b">ReCAP</subfield><subfield code="c">rcppa: RECAP</subfield><subfield code="e">false</subfield></datafield><datafield tag="852" ind1="0" ind2=" "><subfield code="b">eastasian</subfield><subfield code="c">cjk</subfield><subfield code="h">CD2030</subfield><subfield code="i">.T36</subfield><subfield code="8">22608839030006421</subfield></datafield><datafield tag="866" ind1=" " ind2="0"><subfield code="a">2021 no. 1-2024 no. 6</subfield><subfield code="8">22608839030006421</subfield></datafield><datafield tag="866" ind1=" " ind2="0"><subfield code="z">CURRENT ISSUES IN: East Asian Library (Gest)</subfield><subfield code="8">22608839030006421</subfield></datafield><datafield tag="952" ind1=" " ind2=" "><subfield code="d">2025-12-16 17:09:59</subfield><subfield code="8">22608839030006421</subfield><subfield code="a">2021-07-13 00:14:51</subfield><subfield code="b">East Asian Library</subfield><subfield code="c">cjk: East Asian Library</subfield><subfield code="e">false</subfield></datafield><datafield tag="876" ind1=" " ind2=" "><subfield code="0">22608838740006421</subfield><subfield code="j">1</subfield><subfield code="z">pa</subfield><subfield code="p">32101099721522</subfield><subfield code="t">1</subfield><subfield code="a">23608838880006421</subfield><subfield code="3">no.212-217 2015</subfield><subfield code="d">2016-05-25 20:00:00 US/Eastern</subfield><subfield code="q">2016-05-26 09:10:53 US/Eastern</subfield><subfield code="y">recap</subfield></datafield><datafield tag="876" ind1=" " ind2=" "><subfield code="0">22608838740006421</subfield><subfield code="j">1</subfield><subfield code="z">pa</subfield><subfield code="p">32101093522181</subfield><subfield code="t">1</subfield><subfield code="a">23608838890006421</subfield><subfield code="3">no.182-187 2010</subfield><subfield code="d">2013-12-19 19:00:00 US/Eastern</subfield><subfield code="q">2013-12-20 09:10:16 US/Eastern</subfield><subfield code="y">recap</subfield></datafield><datafield tag="876" ind1=" " ind2=" "><subfield code="0">22608838740006421</subfield><subfield code="j">1</subfield><subfield code="z">pa</subfield><subfield code="p">32101075965556</subfield><subfield code="t">1</subfield><subfield code="a">23608838790006421</subfield><subfield code="3">no.176-181 2009</subfield><subfield code="d">2010-08-03 20:00:00 US/Eastern</subfield><subfield code="q">2010-08-04 09:10:09 US/Eastern</subfield><subfield code="y">recap</subfield></datafield><datafield tag="876" ind1=" " ind2=" "><subfield code="0">22608839030006421</subfield><subfield code="j">1</subfield><subfield code="z">cjk</subfield><subfield code="p">32101114065004</subfield><subfield code="a">231096052880006421</subfield><subfield code="3">2024 </subfield><subfield code="d">2025-12-16 12:11:03 US/Eastern</subfield><subfield code="q">2025-12-16 12:12:20 US/Eastern</subfield><subfield code="y">eastasian</subfield></datafield><datafield tag="876" ind1=" " ind2=" "><subfield code="0">22608838740006421</subfield><subfield code="j">1</subfield><subfield code="z">pa</subfield><subfield code="p">32101086737960</subfield><subfield code="t">1</subfield><subfield code="a">23608838780006421</subfield><subfield code="3">no.206-211 2014</subfield><subfield code="d">2015-11-22 19:00:00 US/Eastern</subfield><subfield code="q">2015-11-23 09:10:46 US/Eastern</subfield><subfield code="y">recap</subfield></datafield><datafield tag="876" ind1=" " ind2=" "><subfield code="0">22608838740006421</subfield><subfield code="j">1</subfield><subfield code="z">pa</subfield><subfield code="p">32101086662358</subfield><subfield code="t">1</subfield><subfield code="a">23608838750006421</subfield><subfield code="3">no.200-205 2013</subfield><subfield code="d">2014-08-07 20:00:00 US/Eastern</subfield><subfield code="q">2014-08-08 09:10:39 US/Eastern</subfield><subfield code="y">recap</subfield></datafield><datafield tag="876" ind1=" " ind2=" "><subfield code="0">22608838740006421</subfield><subfield code="j">1</subfield><subfield code="z">pa</subfield><subfield code="p">32101084866589</subfield><subfield code="t">1</subfield><subfield code="a">23608838760006421</subfield><subfield code="3">no.188-193 2011</subfield><subfield code="d">2013-05-30 20:00:00 US/Eastern</subfield><subfield code="q">2013-05-31 09:10:26 US/Eastern</subfield><subfield code="y">recap</subfield></datafield><datafield tag="876" ind1=" " ind2=" "><subfield code="0">22608838740006421</subfield><subfield code="j">1</subfield><subfield code="z">pa</subfield><subfield code="p">32101084866571</subfield><subfield code="t">1</subfield><subfield code="a">23608838770006421</subfield><subfield code="3">no.170-175 2008</subfield><subfield code="d">2013-05-30 20:00:00 US/Eastern</subfield><subfield code="q">2013-05-31 09:10:03 US/Eastern</subfield><subfield code="y">recap</subfield></datafield><datafield tag="876" ind1=" " ind2=" "><subfield code="0">22608839030006421</subfield><subfield code="j">1</subfield><subfield code="z">cjk</subfield><subfield code="p">32101115422733</subfield><subfield code="a">231023731590006421</subfield><subfield code="3">2023 </subfield><subfield code="d">2024-07-23 10:55:52 US/Eastern</subfield><subfield code="q">2024-07-23 10:56:03 US/Eastern</subfield><subfield code="y">eastasian</subfield></datafield><datafield tag="876" ind1=" " ind2=" "><subfield code="0">22608838740006421</subfield><subfield code="j">1</subfield><subfield code="z">pa</subfield><subfield code="p">32101083342574</subfield><subfield code="t">1</subfield><subfield code="a">23608838730006421</subfield><subfield code="3">no.92-103 1995-1996</subfield><subfield code="d">2000-06-12 20:00:00 US/Eastern</subfield><subfield code="q">2000-06-13 06:59:00 US/Eastern</subfield><subfield code="y">recap</subfield></datafield><datafield tag="876" ind1=" " ind2=" "><subfield code="0">22608838740006421</subfield><subfield code="j">1</subfield><subfield code="z">pa</subfield><subfield code="p">32101108315001</subfield><subfield code="t">1</subfield><subfield code="a">23608838810006421</subfield><subfield code="3">2019 </subfield><subfield code="d">2020-12-09 19:00:00 US/Eastern</subfield><subfield code="q">2020-12-10 09:11:12 US/Eastern</subfield><subfield code="y">recap</subfield></datafield><datafield tag="876" ind1=" " ind2=" "><subfield code="0">22608838740006421</subfield><subfield code="j">1</subfield><subfield code="z">pa</subfield><subfield code="p">32101088509649</subfield><subfield code="t">1</subfield><subfield code="a">23608838900006421</subfield><subfield code="3">no.194-199 2012</subfield><subfield code="d">2013-09-08 20:00:00 US/Eastern</subfield><subfield code="q">2013-09-09 09:10:34 US/Eastern</subfield><subfield code="y">recap</subfield></datafield><datafield tag="876" ind1=" " ind2=" "><subfield code="0">22608838740006421</subfield><subfield code="j">1</subfield><subfield code="z">pa</subfield><subfield code="p">32101083342582</subfield><subfield code="t">1</subfield><subfield code="a">23608838720006421</subfield><subfield code="3">no.104-109 1997</subfield><subfield code="d">2000-06-12 20:00:00 US/Eastern</subfield><subfield code="q">2000-06-13 06:59:00 US/Eastern</subfield><subfield code="y">recap</subfield></datafield><datafield tag="876" ind1=" " ind2=" "><subfield code="0">22608839030006421</subfield><subfield code="j">1</subfield><subfield code="z">cjk</subfield><subfield code="p">32101117974020</subfield><subfield code="a">23966412130006421</subfield><subfield code="3">2021 </subfield><subfield code="d">2023-03-22 14:12:04 US/Eastern</subfield><subfield code="q">2023-03-22 14:12:26 US/Eastern</subfield><subfield code="y">eastasian</subfield></datafield><datafield tag="876" ind1=" " ind2=" "><subfield code="0">22608838740006421</subfield><subfield code="j">1</subfield><subfield code="z">pa</subfield><subfield code="p">32101108315027</subfield><subfield code="t">1</subfield><subfield code="a">23608838830006421</subfield><subfield code="3">2017 </subfield><subfield code="d">2020-12-09 19:00:00 US/Eastern</subfield><subfield code="q">2020-12-10 09:11:24 US/Eastern</subfield><subfield code="y">recap</subfield></datafield><datafield tag="876" ind1=" " ind2=" "><subfield code="0">22608838740006421</subfield><subfield code="j">1</subfield><subfield code="z">pa</subfield><subfield code="p">32101108315019</subfield><subfield code="t">1</subfield><subfield code="a">23608838820006421</subfield><subfield code="3">2018 </subfield><subfield code="d">2020-12-09 19:00:00 US/Eastern</subfield><subfield code="q">2020-12-10 09:11:18 US/Eastern</subfield><subfield code="y">recap</subfield></datafield><datafield tag="876" ind1=" " ind2=" "><subfield code="0">22608838740006421</subfield><subfield code="j">1</subfield><subfield code="z">pa</subfield><subfield code="p">32101050177011</subfield><subfield code="t">1</subfield><subfield code="a">23608838800006421</subfield><subfield code="3">no.134-145 2002-2003</subfield><subfield code="d">2004-04-20 20:00:00 US/Eastern</subfield><subfield code="q">2004-04-21 09:09:16 US/Eastern</subfield><subfield code="y">recap</subfield></datafield><datafield tag="876" ind1=" " ind2=" "><subfield code="0">22608838740006421</subfield><subfield code="j">1</subfield><subfield code="z">pa</subfield><subfield code="p">32101108315035</subfield><subfield code="t">1</subfield><subfield code="a">23608838850006421</subfield><subfield code="3">2016 </subfield><subfield code="d">2020-12-09 19:00:00 US/Eastern</subfield><subfield code="q">2020-12-10 09:11:30 US/Eastern</subfield><subfield code="y">recap</subfield></datafield><datafield tag="876" ind1=" " ind2=" "><subfield code="0">22608839030006421</subfield><subfield code="j">1</subfield><subfield code="z">cjk</subfield><subfield code="a">231091246230006421</subfield><subfield code="3">2025 no. 2-3 </subfield><subfield code="d">2025-10-28 13:56:53 US/Eastern</subfield><subfield code="q">2025-10-28 13:57:07 US/Eastern</subfield><subfield code="y">eastasian</subfield></datafield><datafield tag="876" ind1=" " ind2=" "><subfield code="0">22608838740006421</subfield><subfield code="j">1</subfield><subfield code="z">pa</subfield><subfield code="p">32101060514500</subfield><subfield code="t">1</subfield><subfield code="a">23608838950006421</subfield><subfield code="3">no.146-151 2004</subfield><subfield code="d">2007-02-27 19:00:00 US/Eastern</subfield><subfield code="q">2007-02-28 09:09:22 US/Eastern</subfield><subfield code="y">recap</subfield></datafield><datafield tag="876" ind1=" " ind2=" "><subfield code="0">22608838740006421</subfield><subfield code="j">1</subfield><subfield code="z">pa</subfield><subfield code="p">32101063685257</subfield><subfield code="t">1</subfield><subfield code="a">23608838910006421</subfield><subfield code="3">no.164-169 2007</subfield><subfield code="d">2008-07-28 20:00:00 US/Eastern</subfield><subfield code="q">2008-07-29 09:09:40 US/Eastern</subfield><subfield code="y">recap</subfield></datafield><datafield tag="876" ind1=" " ind2=" "><subfield code="0">22608838740006421</subfield><subfield code="j">1</subfield><subfield code="z">pa</subfield><subfield code="p">32101063685240</subfield><subfield code="t">1</subfield><subfield code="a">23608838920006421</subfield><subfield code="3">no.158-163 2006</subfield><subfield code="d">2008-07-28 20:00:00 US/Eastern</subfield><subfield code="q">2008-07-29 09:09:34 US/Eastern</subfield><subfield code="y">recap</subfield></datafield><datafield tag="876" ind1=" " ind2=" "><subfield code="0">22608838740006421</subfield><subfield code="j">1</subfield><subfield code="z">pa</subfield><subfield code="p">32101060514518</subfield><subfield code="t">1</subfield><subfield code="a">23608838940006421</subfield><subfield code="3">no.152-157 2005</subfield><subfield code="d">2007-02-27 19:00:00 US/Eastern</subfield><subfield code="q">2007-02-28 09:09:28 US/Eastern</subfield><subfield code="y">recap</subfield></datafield><datafield tag="876" ind1=" " ind2=" "><subfield code="0">22608838740006421</subfield><subfield code="j">1</subfield><subfield code="z">pa</subfield><subfield code="p">32101043816873</subfield><subfield code="t">1</subfield><subfield code="a">23608838980006421</subfield><subfield code="3">no.122-133 2000-2001</subfield><subfield code="d">2002-09-26 20:00:00 US/Eastern</subfield><subfield code="q">2002-09-27 09:09:09 US/Eastern</subfield><subfield code="y">recap</subfield></datafield><datafield tag="876" ind1=" " ind2=" "><subfield code="0">22608838740006421</subfield><subfield code="j">1</subfield><subfield code="z">pa</subfield><subfield code="p">32101117974038</subfield><subfield code="a">23966412170006421</subfield><subfield code="3">2020 no. 1, 3-6 </subfield><subfield code="d">2023-03-22 14:11:09 US/Eastern</subfield><subfield code="q">2023-03-22 09:11:06 US/Eastern</subfield><subfield code="y">recap</subfield></datafield><datafield tag="876" ind1=" " ind2=" "><subfield code="0">22608839030006421</subfield><subfield code="j">1</subfield><subfield code="z">cjk</subfield><subfield code="p">32101114089848</subfield><subfield code="a">23966412180006421</subfield><subfield code="3">2022 </subfield><subfield code="d">2023-03-22 14:10:05 US/Eastern</subfield><subfield code="q">2023-12-27 14:34:44 US/Eastern</subfield><subfield code="y">eastasian</subfield></datafield><datafield tag="876" ind1=" " ind2=" "><subfield code="0">22608838740006421</subfield><subfield code="j">1</subfield><subfield code="z">pa</subfield><subfield code="p">32101083342590</subfield><subfield code="t">1</subfield><subfield code="a">23608838710006421</subfield><subfield code="3">no.110-121 1998-1999</subfield><subfield code="d">2000-12-28 19:00:00 US/Eastern</subfield><subfield code="q">2000-12-29 05:59:00 US/Eastern</subfield><subfield code="y">recap</subfield></datafield><datafield tag="876" ind1=" " ind2=" "><subfield code="0">22608839030006421</subfield><subfield code="j">1</subfield><subfield code="z">cjk</subfield><subfield code="a">231091553420006421</subfield><subfield code="3">2025, no. 1 </subfield><subfield code="d">2025-10-30 14:15:23 US/Eastern</subfield><subfield code="q">2025-10-30 14:15:23 US/Eastern</subfield><subfield code="y">eastasian</subfield></datafield></record>