<record><leader>02682cas a2200553 a 4500</leader><controlfield tag="005">20240816113155.0</controlfield><controlfield tag="008">980309c19919999cc su p       0   e0chi d</controlfield><controlfield tag="001">9931573403506421</controlfield><datafield tag="022" ind1=" " ind2=" "><subfield code="a">1004-7387</subfield></datafield><datafield tag="035" ind1=" " ind2=" "><subfield code="a">(CStRLIN)NJPX98-S86</subfield></datafield><datafield tag="035" ind1=" " ind2=" "><subfield code="a">(NjP)3157340-princetondb</subfield></datafield><datafield tag="035" ind1=" " ind2=" "><subfield code="a">(OCoLC)ocn145392914</subfield></datafield><datafield tag="035" ind1=" " ind2=" "><subfield code="z">(NjP)Voyager3157340</subfield></datafield><datafield tag="040" ind1=" " ind2=" "><subfield code="a">CSt-H</subfield><subfield code="b">eng</subfield><subfield code="c">CSt-H</subfield><subfield code="d">CtY</subfield><subfield code="d">NjP-G</subfield><subfield code="d">CStRLIN</subfield></datafield><datafield tag="041" ind1="0" ind2=" "><subfield code="a">chi</subfield><subfield code="f">eng</subfield></datafield><datafield tag="066" ind1=" " ind2=" "><subfield code="c">$1</subfield></datafield><datafield tag="090" ind1=" " ind2=" "><subfield code="a">B5234.W33</subfield><subfield code="b">C48 no.15-</subfield><subfield code="i">03/08/00 T</subfield><subfield code="h">05/06/98 T</subfield><subfield code="h">03/16/98 T</subfield></datafield><datafield tag="245" ind1="0" ind2="0"><subfield code="6">880-01</subfield><subfield code="a">Chuanshan xue kan =</subfield><subfield code="b">Chuanshan journal.</subfield></datafield><datafield tag="880" ind1="0" ind2="0"><subfield code="6">245-01/$1</subfield><subfield code="a">船山學刊 =</subfield><subfield code="b">Chuanshan journal.</subfield></datafield><datafield tag="246" ind1="3" ind2="1"><subfield code="a">Chuanshan journal</subfield></datafield><datafield tag="246" ind1="3" ind2=" "><subfield code="a">Chuanshanxuekan</subfield></datafield><datafield tag="246" ind1="1" ind2="2"><subfield code="6">880-02</subfield><subfield code="a">Hu Xiang fo wen hua lun cong</subfield><subfield code="f">1994 zeng kan</subfield></datafield><datafield tag="880" ind1="1" ind2="2"><subfield code="6">246-02/$1</subfield><subfield code="a">湖湘佛文化论丛</subfield><subfield code="f">1994　増刊</subfield></datafield><datafield tag="260" ind1=" " ind2=" "><subfield code="6">880-03</subfield><subfield code="a">Changsha Shi :</subfield><subfield code="b">"Chuanshan xue kan" bian ji bu,</subfield><subfield code="c">1991-</subfield></datafield><datafield tag="880" ind1=" " ind2=" "><subfield code="6">260-03/$1</subfield><subfield code="a">长沙市 :</subfield><subfield code="b">《船山学刊》编辑部,</subfield><subfield code="c">1991-</subfield></datafield><datafield tag="300" ind1=" " ind2=" "><subfield code="a">v. ;</subfield><subfield code="c">20 cm.</subfield></datafield><datafield tag="310" ind1=" " ind2=" "><subfield code="a">Bimonthly,</subfield><subfield code="b">2016-</subfield></datafield><datafield tag="321" ind1=" " ind2=" "><subfield code="a">Quarterly,</subfield><subfield code="b">1995-2015</subfield></datafield><datafield tag="321" ind1=" " ind2=" "><subfield code="a">Semiannual,</subfield><subfield code="b">-1994</subfield></datafield><datafield tag="362" ind1="0" ind2=" "><subfield code="6">880-04</subfield><subfield code="a">Chuang kan hao (1991.12)- = zong di 15 qi-</subfield></datafield><datafield tag="880" ind1="0" ind2=" "><subfield code="6">362-04/$1</subfield><subfield code="a">創刊号 (1991.12)- = 总第15期-</subfield></datafield><datafield tag="500" ind1=" " ind2=" "><subfield code="a">Title from cover.</subfield></datafield><datafield tag="525" ind1=" " ind2=" "><subfield code="a">1994 has tseng kʻan.</subfield></datafield><datafield tag="546" ind1=" " ind2=" "><subfield code="a">Table of contents also in English.</subfield></datafield><datafield tag="550" ind1=" " ind2=" "><subfield code="a">Sponsored by: Hunan sheng she hui ke xue jie lian he hui.</subfield></datafield><datafield tag="600" ind1="1" ind2="0"><subfield code="6">880-05</subfield><subfield code="a">Wang, Fuzhi,</subfield><subfield code="d">1619-1692</subfield><subfield code="x">Periodicals.</subfield></datafield><datafield tag="880" ind1="1" ind2="4"><subfield code="6">600-05/$1</subfield><subfield code="a">王夫之,</subfield><subfield code="d">1619-1692</subfield><subfield code="x">Periodicals.</subfield></datafield><datafield tag="710" ind1="2" ind2=" "><subfield code="6">880-06</subfield><subfield code="a">Hunan Sheng she hui ke xue jie lian he hui.</subfield><subfield code="0">http://id.loc.gov/authorities/names/nr96001754</subfield></datafield><datafield tag="880" ind1="2" ind2=" "><subfield code="6">710-06/$1</subfield><subfield code="a">湖南省社会科学界联合会.</subfield></datafield><datafield tag="780" ind1="0" ind2="0"><subfield code="6">880-07</subfield><subfield code="t">Chuanshan xue bao</subfield></datafield><datafield tag="880" ind1="0" ind2="0"><subfield code="6">780-07/$1</subfield><subfield code="t">船山學報</subfield></datafield><datafield tag="914" ind1=" " ind2=" "><subfield code="a">(OCoLC)ocn145392914</subfield><subfield code="b">OCoLC</subfield><subfield code="c">match</subfield><subfield code="d">20221117</subfield><subfield code="e">processed</subfield><subfield code="f">145392914</subfield></datafield><datafield tag="950" ind1=" " ind2=" "><subfield code="l">C</subfield><subfield code="v">No.15 (1991)-17,19-20,22-32 (1998)</subfield><subfield code="n">#9</subfield><subfield code="n">#50</subfield><subfield code="p">2</subfield></datafield><datafield tag="955" ind1=" " ind2=" "><subfield code="l">C</subfield><subfield code="c">1:(no.15-17 1991-1992)</subfield><subfield code="q">CNPITC 3-9-94</subfield><subfield code="r">32101033100106</subfield><subfield code="h">03/16/98 C</subfield></datafield><datafield tag="955" ind1=" " ind2=" "><subfield code="l">C</subfield><subfield code="c">1:(no.22-24 1994)</subfield><subfield code="q">CNPITC 3-9-94</subfield><subfield code="r">32101033100114</subfield><subfield code="h">03/16/98 C</subfield></datafield><datafield tag="955" ind1=" " ind2=" "><subfield code="l">C</subfield><subfield code="c">1:(no.25-28 1995-1996)</subfield><subfield code="q">CNPITC 3-9-94</subfield><subfield code="r">32101033100122</subfield><subfield code="h">03/16/98 C</subfield></datafield><datafield tag="955" ind1=" " ind2=" "><subfield code="l">C</subfield><subfield code="c">1:(no.19-20 1993)</subfield><subfield code="r">32101032847681</subfield><subfield code="h">05/06/98 C</subfield></datafield><datafield tag="987" ind1=" " ind2=" "><subfield code="a">PINYIN</subfield><subfield code="b">CStRLIN</subfield><subfield code="c">20010201</subfield><subfield code="d">c</subfield><subfield code="e">1.1</subfield></datafield><datafield tag="998" ind1=" " ind2=" "><subfield code="a">03/08/00</subfield><subfield code="t">c</subfield><subfield code="s">9114</subfield><subfield code="n">NjP-G</subfield><subfield code="w">CSUO93S13</subfield><subfield code="d">03/08/00</subfield><subfield code="c">CSW</subfield><subfield code="b">IC</subfield><subfield code="i">000308</subfield><subfield code="h">980506</subfield><subfield code="h">980316</subfield><subfield code="l">NJPX</subfield></datafield><datafield tag="950" ind1=" " ind2=" "><subfield code="c">2024-08-16 11:31:55 US/Eastern</subfield><subfield code="b">2021-07-13 05:53:55 US/Eastern</subfield><subfield code="a">false</subfield></datafield><datafield tag="852" ind1="0" ind2=" "><subfield code="b">eastasian</subfield><subfield code="c">cjk</subfield><subfield code="h">B5234.W33</subfield><subfield code="i">C48</subfield><subfield code="8">22713310550006421</subfield></datafield><datafield tag="866" ind1=" " ind2="0"><subfield code="a">No. 39 (2001)-no. 100 (2015) ; 2016 no. 1-2024 no. 6</subfield><subfield code="8">22713310550006421</subfield></datafield><datafield tag="866" ind1=" " ind2="0"><subfield code="z">CURRENT ISSUES IN: East Asian Library (Gest)</subfield><subfield code="8">22713310550006421</subfield></datafield><datafield tag="952" ind1=" " ind2=" "><subfield code="d">2025-12-16 17:30:43</subfield><subfield code="8">22713310550006421</subfield><subfield code="a">2021-07-13 09:53:55</subfield><subfield code="b">East Asian Library</subfield><subfield code="c">cjk: East Asian Library</subfield><subfield code="e">false</subfield></datafield><datafield tag="852" ind1="0" ind2=" "><subfield code="b">recap</subfield><subfield code="c">pa</subfield><subfield code="h">B5234.W33</subfield><subfield code="i">C48</subfield><subfield code="8">22713310230006421</subfield></datafield><datafield tag="866" ind1=" " ind2="0"><subfield code="a">No. [15] (1991)-no. 38 (2000)</subfield><subfield code="8">22713310230006421</subfield></datafield><datafield tag="866" ind1=" " ind2="0"><subfield code="z">LACKS: no. 18, 21</subfield><subfield code="8">22713310230006421</subfield></datafield><datafield tag="952" ind1=" " ind2=" "><subfield code="d">2024-06-07 15:47:28</subfield><subfield code="8">22713310230006421</subfield><subfield code="a">2021-07-13 09:53:55</subfield><subfield code="b">ReCAP</subfield><subfield code="c">rcppa: RECAP</subfield><subfield code="e">false</subfield></datafield><datafield tag="876" ind1=" " ind2=" "><subfield code="0">22713310230006421</subfield><subfield code="j">1</subfield><subfield code="z">pa</subfield><subfield code="p">32101081926014</subfield><subfield code="t">1</subfield><subfield code="a">23713310190006421</subfield><subfield code="3">no.29-32 1997-1998</subfield><subfield code="d">2000-06-12 20:00:00 US/Eastern</subfield><subfield code="q">2000-06-13 06:59:00 US/Eastern</subfield><subfield code="y">recap</subfield></datafield><datafield tag="876" ind1=" " ind2=" "><subfield code="0">22713310550006421</subfield><subfield code="j">1</subfield><subfield code="z">cjk</subfield><subfield code="p">32101060520754</subfield><subfield code="t">1</subfield><subfield code="a">23713310450006421</subfield><subfield code="3">no.59-62 2006</subfield><subfield code="d">2007-05-17 20:00:00 US/Eastern</subfield><subfield code="q">2007-05-18 06:59:00 US/Eastern</subfield><subfield code="y">eastasian</subfield></datafield><datafield tag="876" ind1=" " ind2=" "><subfield code="0">22713310550006421</subfield><subfield code="j">1</subfield><subfield code="z">cjk</subfield><subfield code="p">32101108314574</subfield><subfield code="t">1</subfield><subfield code="a">23713310260006421</subfield><subfield code="3">2019 </subfield><subfield code="d">2020-12-09 19:00:00 US/Eastern</subfield><subfield code="q">2020-12-10 13:17:40 US/Eastern</subfield><subfield code="y">eastasian</subfield></datafield><datafield tag="876" ind1=" " ind2=" "><subfield code="0">22713310550006421</subfield><subfield code="j">1</subfield><subfield code="z">cjk</subfield><subfield code="p">32101108314582</subfield><subfield code="t">1</subfield><subfield code="a">23713310270006421</subfield><subfield code="3">2018 </subfield><subfield code="d">2020-12-09 19:00:00 US/Eastern</subfield><subfield code="q">2020-12-10 13:17:26 US/Eastern</subfield><subfield code="y">eastasian</subfield></datafield><datafield tag="876" ind1=" " ind2=" "><subfield code="0">22713310550006421</subfield><subfield code="j">1</subfield><subfield code="z">cjk</subfield><subfield code="p">32101108314590</subfield><subfield code="t">1</subfield><subfield code="a">23713310280006421</subfield><subfield code="3">2017 </subfield><subfield code="d">2020-12-09 19:00:00 US/Eastern</subfield><subfield code="q">2020-12-10 13:17:11 US/Eastern</subfield><subfield code="y">eastasian</subfield></datafield><datafield tag="876" ind1=" " ind2=" "><subfield code="0">22713310550006421</subfield><subfield code="j">1</subfield><subfield code="z">cjk</subfield><subfield code="p">32101108314608</subfield><subfield code="t">1</subfield><subfield code="a">23713310290006421</subfield><subfield code="3">2016 </subfield><subfield code="d">2020-12-09 19:00:00 US/Eastern</subfield><subfield code="q">2020-12-10 13:16:58 US/Eastern</subfield><subfield code="y">eastasian</subfield></datafield><datafield tag="876" ind1=" " ind2=" "><subfield code="0">22713310230006421</subfield><subfield code="j">1</subfield><subfield code="z">pa</subfield><subfield code="p">32101081925982</subfield><subfield code="t">1</subfield><subfield code="a">23713310170006421</subfield><subfield code="3">no.19-20 1993</subfield><subfield code="d">2012-01-24 19:00:00 US/Eastern</subfield><subfield code="q">2012-01-25 05:59:00 US/Eastern</subfield><subfield code="y">recap</subfield></datafield><datafield tag="876" ind1=" " ind2=" "><subfield code="0">22713310550006421</subfield><subfield code="j">1</subfield><subfield code="z">cjk</subfield><subfield code="p">32101056463514</subfield><subfield code="t">1</subfield><subfield code="a">23713310460006421</subfield><subfield code="3">no.51-54 2004</subfield><subfield code="d">2005-09-14 20:00:00 US/Eastern</subfield><subfield code="q">2005-09-15 06:59:00 US/Eastern</subfield><subfield code="y">eastasian</subfield></datafield><datafield tag="876" ind1=" " ind2=" "><subfield code="0">22713310550006421</subfield><subfield code="j">1</subfield><subfield code="z">cjk</subfield><subfield code="p">32101115480103</subfield><subfield code="a">231003745150006421</subfield><subfield code="3">2020 </subfield><subfield code="d">2023-12-28 13:15:27 US/Eastern</subfield><subfield code="q">2023-12-28 13:16:09 US/Eastern</subfield><subfield code="y">eastasian</subfield></datafield><datafield tag="876" ind1=" " ind2=" "><subfield code="0">22713310550006421</subfield><subfield code="j">1</subfield><subfield code="z">cjk</subfield><subfield code="p">32101063685398</subfield><subfield code="t">1</subfield><subfield code="a">23713310430006421</subfield><subfield code="3">no.63-66 2007</subfield><subfield code="d">2008-07-29 20:00:00 US/Eastern</subfield><subfield code="q">2008-07-30 06:59:00 US/Eastern</subfield><subfield code="y">eastasian</subfield></datafield><datafield tag="876" ind1=" " ind2=" "><subfield code="0">22713310230006421</subfield><subfield code="j">1</subfield><subfield code="z">pa</subfield><subfield code="p">32101081926022</subfield><subfield code="t">1</subfield><subfield code="a">23713310180006421</subfield><subfield code="3">no.33-38 1999-2000</subfield><subfield code="d">2001-11-28 19:00:00 US/Eastern</subfield><subfield code="q">2001-11-29 05:59:00 US/Eastern</subfield><subfield code="y">recap</subfield></datafield><datafield tag="876" ind1=" " ind2=" "><subfield code="0">22713310550006421</subfield><subfield code="j">1</subfield><subfield code="z">cjk</subfield><subfield code="p">32101050165966</subfield><subfield code="t">1</subfield><subfield code="a">23713310500006421</subfield><subfield code="3">no.43-46 2002</subfield><subfield code="d">2003-12-29 19:00:00 US/Eastern</subfield><subfield code="q">2003-12-30 05:59:00 US/Eastern</subfield><subfield code="y">eastasian</subfield></datafield><datafield tag="876" ind1=" " ind2=" "><subfield code="0">22713310550006421</subfield><subfield code="j">1</subfield><subfield code="z">cjk</subfield><subfield code="p">32101114065061</subfield><subfield code="a">231096052780006421</subfield><subfield code="3">2024 </subfield><subfield code="d">2025-12-16 12:31:06 US/Eastern</subfield><subfield code="q">2025-12-16 12:31:21 US/Eastern</subfield><subfield code="y">eastasian</subfield></datafield><datafield tag="876" ind1=" " ind2=" "><subfield code="0">22713310230006421</subfield><subfield code="j">1</subfield><subfield code="z">pa</subfield><subfield code="p">32101081926006</subfield><subfield code="t">1</subfield><subfield code="a">23713310200006421</subfield><subfield code="3">no.25-28 1995-1996</subfield><subfield code="d">2000-06-12 20:00:00 US/Eastern</subfield><subfield code="q">2000-06-13 06:59:00 US/Eastern</subfield><subfield code="y">recap</subfield></datafield><datafield tag="876" ind1=" " ind2=" "><subfield code="0">22713310550006421</subfield><subfield code="j">0</subfield><subfield code="x">WORK_ORDER_DEPARTMENT</subfield><subfield code="z">cjk</subfield><subfield code="a">23966900760006421</subfield><subfield code="d">2023-03-30 10:23:13 US/Eastern</subfield><subfield code="q">2023-08-07 10:06:56 US/Eastern</subfield><subfield code="y">eastasian</subfield></datafield><datafield tag="876" ind1=" " ind2=" "><subfield code="0">22713310230006421</subfield><subfield code="j">1</subfield><subfield code="z">pa</subfield><subfield code="p">32101081925990</subfield><subfield code="t">1</subfield><subfield code="a">23713310210006421</subfield><subfield code="3">no.22-[24] 1994</subfield><subfield code="d">2000-06-12 20:00:00 US/Eastern</subfield><subfield code="q">2000-06-13 06:59:00 US/Eastern</subfield><subfield code="y">recap</subfield></datafield><datafield tag="876" ind1=" " ind2=" "><subfield code="0">22713310230006421</subfield><subfield code="j">1</subfield><subfield code="z">pa</subfield><subfield code="p">32101081925974</subfield><subfield code="t">1</subfield><subfield code="a">23713310220006421</subfield><subfield code="3">no.[15]-[17] 1991-1992</subfield><subfield code="d">2000-06-12 20:00:00 US/Eastern</subfield><subfield code="q">2000-06-13 06:59:00 US/Eastern</subfield><subfield code="y">recap</subfield></datafield><datafield tag="876" ind1=" " ind2=" "><subfield code="0">22713310550006421</subfield><subfield code="j">1</subfield><subfield code="z">cjk</subfield><subfield code="p">32101056667734</subfield><subfield code="t">1</subfield><subfield code="a">23713310490006421</subfield><subfield code="3">no.47-50 2003</subfield><subfield code="d">2004-10-20 20:00:00 US/Eastern</subfield><subfield code="q">2004-10-21 06:59:00 US/Eastern</subfield><subfield code="y">eastasian</subfield></datafield><datafield tag="876" ind1=" " ind2=" "><subfield code="0">22713310550006421</subfield><subfield code="j">1</subfield><subfield code="z">cjk</subfield><subfield code="p">32101115480251</subfield><subfield code="a">231003745130006421</subfield><subfield code="3">2022 </subfield><subfield code="d">2023-12-28 13:18:21 US/Eastern</subfield><subfield code="q">2023-12-28 13:18:32 US/Eastern</subfield><subfield code="y">eastasian</subfield></datafield><datafield tag="876" ind1=" " ind2=" "><subfield code="0">22713310550006421</subfield><subfield code="j">1</subfield><subfield code="z">cjk</subfield><subfield code="p">32101059147924</subfield><subfield code="t">1</subfield><subfield code="a">23713310240006421</subfield><subfield code="3">no.55-58 2005</subfield><subfield code="d">2006-05-07 20:00:00 US/Eastern</subfield><subfield code="q">2006-05-08 06:59:00 US/Eastern</subfield><subfield code="y">eastasian</subfield></datafield><datafield tag="876" ind1=" " ind2=" "><subfield code="0">22713310550006421</subfield><subfield code="j">1</subfield><subfield code="z">cjk</subfield><subfield code="p">32101076571494</subfield><subfield code="t">1</subfield><subfield code="a">23713310390006421</subfield><subfield code="3">no.71-74 2009</subfield><subfield code="d">2010-04-27 20:00:00 US/Eastern</subfield><subfield code="q">2010-04-28 06:59:00 US/Eastern</subfield><subfield code="y">eastasian</subfield></datafield><datafield tag="876" ind1=" " ind2=" "><subfield code="0">22713310550006421</subfield><subfield code="j">1</subfield><subfield code="z">cjk</subfield><subfield code="p">32101076571452</subfield><subfield code="t">1</subfield><subfield code="a">23713310410006421</subfield><subfield code="3">no.67-70 2008</subfield><subfield code="d">2010-04-27 20:00:00 US/Eastern</subfield><subfield code="q">2010-04-28 06:59:00 US/Eastern</subfield><subfield code="y">eastasian</subfield></datafield><datafield tag="876" ind1=" " ind2=" "><subfield code="0">22713310550006421</subfield><subfield code="j">1</subfield><subfield code="z">cjk</subfield><subfield code="p">32101115420620</subfield><subfield code="a">231003745120006421</subfield><subfield code="3">2023 </subfield><subfield code="d">2023-12-28 13:19:40 US/Eastern</subfield><subfield code="q">2024-06-03 12:45:01 US/Eastern</subfield><subfield code="y">eastasian</subfield></datafield><datafield tag="876" ind1=" " ind2=" "><subfield code="0">22713310550006421</subfield><subfield code="j">1</subfield><subfield code="z">cjk</subfield><subfield code="p">32101115480095</subfield><subfield code="a">231003745140006421</subfield><subfield code="3">2021 </subfield><subfield code="d">2023-12-28 13:17:46 US/Eastern</subfield><subfield code="q">2023-12-28 13:17:58 US/Eastern</subfield><subfield code="y">eastasian</subfield></datafield><datafield tag="876" ind1=" " ind2=" "><subfield code="0">22713310550006421</subfield><subfield code="j">1</subfield><subfield code="z">cjk</subfield><subfield code="p">32101046245849</subfield><subfield code="t">1</subfield><subfield code="a">23713310250006421</subfield><subfield code="3">no.39-42 2001</subfield><subfield code="d">2002-11-12 19:00:00 US/Eastern</subfield><subfield code="q">2002-11-13 05:59:00 US/Eastern</subfield><subfield code="y">eastasian</subfield></datafield><datafield tag="876" ind1=" " ind2=" "><subfield code="0">22713310550006421</subfield><subfield code="j">1</subfield><subfield code="z">cjk</subfield><subfield code="p">32101084811239</subfield><subfield code="t">1</subfield><subfield code="a">23713310330006421</subfield><subfield code="3">no.83-86 2012</subfield><subfield code="d">2013-06-30 20:00:00 US/Eastern</subfield><subfield code="q">2013-07-01 06:59:00 US/Eastern</subfield><subfield code="y">eastasian</subfield></datafield><datafield tag="876" ind1=" " ind2=" "><subfield code="0">22713310550006421</subfield><subfield code="j">1</subfield><subfield code="z">cjk</subfield><subfield code="p">32101084811221</subfield><subfield code="t">1</subfield><subfield code="a">23713310350006421</subfield><subfield code="3">no.79-82 2011</subfield><subfield code="d">2013-06-30 20:00:00 US/Eastern</subfield><subfield code="q">2013-07-01 06:59:00 US/Eastern</subfield><subfield code="y">eastasian</subfield></datafield><datafield tag="876" ind1=" " ind2=" "><subfield code="0">22713310550006421</subfield><subfield code="j">1</subfield><subfield code="z">cjk</subfield><subfield code="p">32101077677134</subfield><subfield code="t">1</subfield><subfield code="a">23713310370006421</subfield><subfield code="3">no.75-78 2010</subfield><subfield code="d">2011-08-25 20:00:00 US/Eastern</subfield><subfield code="q">2011-08-26 06:59:00 US/Eastern</subfield><subfield code="y">eastasian</subfield></datafield><datafield tag="876" ind1=" " ind2=" "><subfield code="0">22713310550006421</subfield><subfield code="j">1</subfield><subfield code="z">cjk</subfield><subfield code="p">32101099684712</subfield><subfield code="t">1</subfield><subfield code="a">23713310300006421</subfield><subfield code="3">no.95-100 2015</subfield><subfield code="d">2016-08-17 20:00:00 US/Eastern</subfield><subfield code="q">2016-08-18 06:59:00 US/Eastern</subfield><subfield code="y">eastasian</subfield></datafield><datafield tag="876" ind1=" " ind2=" "><subfield code="0">22713310550006421</subfield><subfield code="j">1</subfield><subfield code="z">cjk</subfield><subfield code="p">32101086735980</subfield><subfield code="t">1</subfield><subfield code="a">23713310310006421</subfield><subfield code="3">no.91-94 2014</subfield><subfield code="d">2015-11-11 19:00:00 US/Eastern</subfield><subfield code="q">2015-11-12 05:59:00 US/Eastern</subfield><subfield code="y">eastasian</subfield></datafield><datafield tag="876" ind1=" " ind2=" "><subfield code="0">22713310550006421</subfield><subfield code="j">1</subfield><subfield code="z">cjk</subfield><subfield code="p">32101093532065</subfield><subfield code="t">1</subfield><subfield code="a">23713310320006421</subfield><subfield code="3">no.87-90 2013</subfield><subfield code="d">2014-04-08 20:00:00 US/Eastern</subfield><subfield code="q">2014-04-09 06:59:00 US/Eastern</subfield><subfield code="y">eastasian</subfield></datafield><datafield tag="876" ind1=" " ind2=" "><subfield code="0">22713310550006421</subfield><subfield code="j">1</subfield><subfield code="z">cjk</subfield><subfield code="a">231091286740006421</subfield><subfield code="3">2025 no. 1-3 </subfield><subfield code="d">2025-10-29 13:27:48 US/Eastern</subfield><subfield code="q">2025-10-29 13:28:08 US/Eastern</subfield><subfield code="y">eastasian</subfield></datafield></record>