<record><leader>02856cam a2200553 i 4500</leader><controlfield tag="005">20260304203039.0</controlfield><controlfield tag="008">250214s2025    enka     b    001 0 eng  </controlfield><controlfield tag="001">99131729966106421</controlfield><datafield tag="010" ind1=" " ind2=" "><subfield code="a">  2025002416</subfield></datafield><datafield tag="020" ind1=" " ind2=" "><subfield code="a">9781800418394</subfield></datafield><datafield tag="020" ind1=" " ind2=" "><subfield code="a">9781800418387</subfield><subfield code="q">paperback</subfield></datafield><datafield tag="020" ind1=" " ind2=" "><subfield code="a">1800418388</subfield><subfield code="q">paperback</subfield></datafield><datafield tag="020" ind1=" " ind2=" "><subfield code="a">1800418396</subfield><subfield code="q">paperback</subfield></datafield><datafield tag="020" ind1=" " ind2=" "><subfield code="z">9781800418400</subfield><subfield code="q">electronic book</subfield></datafield><datafield tag="020" ind1=" " ind2=" "><subfield code="z">9781800418417</subfield><subfield code="q">electronic publication</subfield></datafield><datafield tag="035" ind1=" " ind2=" "><subfield code="a">(OCoLC)1500647392</subfield></datafield><datafield tag="035" ind1=" " ind2=" "><subfield code="a">(OCoLC)on1500647392</subfield></datafield><datafield tag="040" ind1=" " ind2=" "><subfield code="a">DLC</subfield><subfield code="b">eng</subfield><subfield code="e">rda</subfield><subfield code="c">DLC</subfield><subfield code="d">OCLCO</subfield><subfield code="d">IG#</subfield><subfield code="d">BDX</subfield><subfield code="d">YDX</subfield></datafield><datafield tag="042" ind1=" " ind2=" "><subfield code="a">pcc</subfield></datafield><datafield tag="043" ind1=" " ind2=" "><subfield code="a">n------</subfield><subfield code="a">s------</subfield></datafield><datafield tag="050" ind1="0" ind2="0"><subfield code="a">P40.5.L3572</subfield><subfield code="b">A448 2025</subfield></datafield><datafield tag="082" ind1="0" ind2="0"><subfield code="a">497</subfield><subfield code="2">23/eng/20250220</subfield></datafield><datafield tag="245" ind1="0" ind2="0"><subfield code="a">Indigenous language education in critical times :</subfield><subfield code="b">voices of community reclamation in the Americas /</subfield><subfield code="c">edited by Julieta Briseño-Roa, Paulina Griñó, Vanessa Anthony-Stevens and José Antonio Flores Farfan.</subfield></datafield><datafield tag="264" ind1=" " ind2="1"><subfield code="a">Bristol ;</subfield><subfield code="a">Jackson :</subfield><subfield code="b">Multilingual Matters,</subfield><subfield code="c">[2025]</subfield></datafield><datafield tag="300" ind1=" " ind2=" "><subfield code="a">xxii, 216 pages :</subfield><subfield code="b">illustrations ;</subfield><subfield code="c">24 cm.</subfield></datafield><datafield tag="336" ind1=" " ind2=" "><subfield code="a">text</subfield><subfield code="b">txt</subfield><subfield code="2">rdacontent</subfield><subfield code="0">http://id.loc.gov/vocabulary/contentTypes/txt</subfield></datafield><datafield tag="337" ind1=" " ind2=" "><subfield code="a">unmediated</subfield><subfield code="b">n</subfield><subfield code="2">rdamedia</subfield><subfield code="0">http://id.loc.gov/vocabulary/mediaTypes/n</subfield></datafield><datafield tag="338" ind1=" " ind2=" "><subfield code="a">volume</subfield><subfield code="b">nc</subfield><subfield code="2">rdacarrier</subfield><subfield code="0">http://id.loc.gov/vocabulary/carriers/nc</subfield></datafield><datafield tag="490" ind1="1" ind2=" "><subfield code="a">Language, education and diversity ;</subfield><subfield code="v">6</subfield></datafield><datafield tag="504" ind1=" " ind2=" "><subfield code="a">Includes bibliographical references and index.</subfield></datafield><datafield tag="520" ind1=" " ind2=" "><subfield code="a">"This book builds a space in which a diversity of voices - Indigenous teachers, activists and committed academics - are foregrounded in the processes of Indigenous education and language reclamation. It decenters state systems of education, thereby emphasizing diverse processes of language reclamation in complex and varied settings"--</subfield><subfield code="c">Provided by publisher.</subfield></datafield><datafield tag="650" ind1=" " ind2="0"><subfield code="a">Indigenous peoples</subfield><subfield code="z">America</subfield><subfield code="x">Languages</subfield><subfield code="x">Revival.</subfield></datafield><datafield tag="650" ind1=" " ind2="0"><subfield code="a">Indigenous peoples</subfield><subfield code="x">Languages</subfield><subfield code="x">Study and teaching</subfield><subfield code="z">America.</subfield></datafield><datafield tag="650" ind1=" " ind2="0"><subfield code="a">Indigenous peoples</subfield><subfield code="x">Languages</subfield><subfield code="x">Social aspects</subfield><subfield code="z">America.</subfield></datafield><datafield tag="650" ind1=" " ind2="0"><subfield code="a">Indigenous peoples</subfield><subfield code="x">Education</subfield><subfield code="z">America.</subfield></datafield><datafield tag="655" ind1=" " ind2="7"><subfield code="a">Essays.</subfield><subfield code="2">lcgft</subfield></datafield><datafield tag="700" ind1="1" ind2=" "><subfield code="a">Briseño-Roa, Julieta,</subfield><subfield code="d">1978-</subfield><subfield code="e">editor.</subfield></datafield><datafield tag="700" ind1="1" ind2=" "><subfield code="a">Griñó, Paulina,</subfield><subfield code="d">1981-</subfield><subfield code="e">editor.</subfield></datafield><datafield tag="700" ind1="1" ind2=" "><subfield code="a">Anthony-Stevens, Vanessa,</subfield><subfield code="e">editor.</subfield></datafield><datafield tag="700" ind1="1" ind2=" "><subfield code="a">Flores Farfán, José Antonio,</subfield><subfield code="e">editor.</subfield><subfield code="1">https://id.oclc.org/worldcat/entity/E39PBJv4myFvJk4HJ6GcfhtYfq</subfield></datafield><datafield tag="776" ind1="0" ind2="8"><subfield code="i">Online version:</subfield><subfield code="t">Indigenous language education in critical times</subfield><subfield code="d">Bristol ; Jackson : Multilingual Matters, 2025</subfield><subfield code="z">9781800418400</subfield><subfield code="w">(DLC)  2025002417</subfield></datafield><datafield tag="830" ind1=" " ind2="0"><subfield code="a">Language, education and diversity ;</subfield><subfield code="v">6.</subfield></datafield><datafield tag="902" ind1=" " ind2=" "><subfield code="a">010002796</subfield><subfield code="w">copy</subfield><subfield code="1">20220101.0</subfield></datafield><datafield tag="910" ind1=" " ind2=" "><subfield code="c">78E9994</subfield><subfield code="d">3110-10</subfield><subfield code="g">YBP</subfield></datafield><datafield tag="960" ind1=" " ind2=" "><subfield code="o">1</subfield><subfield code="z">USD</subfield></datafield><datafield tag="961" ind1=" " ind2=" "><subfield code="f">SAK</subfield><subfield code="m">311010</subfield><subfield code="n">Cloth</subfield></datafield><datafield tag="980" ind1=" " ind2=" "><subfield code="a">21393173</subfield><subfield code="i">129.95</subfield></datafield><datafield tag="982" ind1=" " ind2=" "><subfield code="c">f</subfield></datafield><datafield tag="984" ind1=" " ind2=" "><subfield code="a">20260113</subfield><subfield code="b">080325</subfield><subfield code="c">YBP-US</subfield></datafield><datafield tag="950" ind1=" " ind2=" "><subfield code="c">2026-03-04 20:30:39 US/Eastern</subfield><subfield code="b">2026-01-13 08:26:19 US/Eastern</subfield><subfield code="a">false</subfield></datafield><datafield tag="852" ind1="0" ind2=" "><subfield code="b">firestone</subfield><subfield code="c">stacks</subfield><subfield code="h">P40.5.L3572</subfield><subfield code="i">A448 2025</subfield><subfield code="8">221100133030006421</subfield></datafield><datafield tag="952" ind1=" " ind2=" "><subfield code="d">2026-01-13 13:27:48</subfield><subfield code="8">221100133030006421</subfield><subfield code="a">2026-01-13 13:27:48</subfield><subfield code="b">Firestone Library</subfield><subfield code="c">stacks: Firestone Library</subfield><subfield code="e">false</subfield></datafield><datafield tag="876" ind1=" " ind2=" "><subfield code="0">221100133030006421</subfield><subfield code="j">0</subfield><subfield code="x">WORK_ORDER_DEPARTMENT</subfield><subfield code="z">stacks</subfield><subfield code="p">32101121206252</subfield><subfield code="a">231100133020006421</subfield><subfield code="d">2026-01-13 08:27:48 US/Eastern</subfield><subfield code="q">2026-02-17 13:52:11 US/Eastern</subfield><subfield code="y">firestone</subfield></datafield></record>