<record><leader>03097cam a2200565 i 4500</leader><controlfield tag="005">20260304200621.0</controlfield><controlfield tag="007">t|</controlfield><controlfield tag="008">250520t20252025enka     b    001 0 eng d</controlfield><controlfield tag="001">99131650225706421</controlfield><datafield tag="020" ind1=" " ind2=" "><subfield code="a">9789819776900</subfield></datafield><datafield tag="020" ind1=" " ind2=" "><subfield code="a">9819776902</subfield></datafield><datafield tag="020" ind1=" " ind2=" "><subfield code="z">9789819776917</subfield><subfield code="q">PDF ebook</subfield></datafield><datafield tag="024" ind1="8" ind2=" "><subfield code="a">CIPO000242869</subfield></datafield><datafield tag="035" ind1=" " ind2=" "><subfield code="a">(OCoLC)1452730850</subfield></datafield><datafield tag="035" ind1=" " ind2=" "><subfield code="a">(OCoLC)on1452730850</subfield></datafield><datafield tag="040" ind1=" " ind2=" "><subfield code="a">UKMGB</subfield><subfield code="b">eng</subfield><subfield code="e">rda</subfield><subfield code="c">UKMGB</subfield><subfield code="d">OCLCO</subfield><subfield code="d">MSR</subfield></datafield><datafield tag="041" ind1="1" ind2=" "><subfield code="a">eng</subfield><subfield code="h">chi</subfield></datafield><datafield tag="050" ind1=" " ind2="4"><subfield code="a">NK8730</subfield><subfield code="b">.Z53 2025</subfield></datafield><datafield tag="082" ind1="0" ind2="4"><subfield code="a">394.1509</subfield><subfield code="2">23</subfield></datafield><datafield tag="100" ind1="1" ind2=" "><subfield code="a">Zhang, Chi,</subfield><subfield code="e">author.</subfield></datafield><datafield tag="245" ind1="1" ind2="0"><subfield code="a">Beyond the teacup :</subfield><subfield code="b">18th century Sino-British tea trade and design cultural exchange /</subfield><subfield code="c">Chi Zhang.</subfield></datafield><datafield tag="246" ind1="3" ind2=" "><subfield code="a">Eighteenth century Sino-British tea trade and design cultural exchange</subfield></datafield><datafield tag="264" ind1=" " ind2="1"><subfield code="a">Singapore :</subfield><subfield code="b">Palgrave Macmillan ;</subfield><subfield code="a">Shanghai :</subfield><subfield code="b">Shanghai People's Fine Arts Publishing House,</subfield><subfield code="c">[2025]</subfield></datafield><datafield tag="264" ind1=" " ind2="4"><subfield code="c">©2025</subfield></datafield><datafield tag="300" ind1=" " ind2=" "><subfield code="a">xvii, 192 pages :</subfield><subfield code="b">illustrations (some color) ;</subfield><subfield code="c">21 cm</subfield></datafield><datafield tag="336" ind1=" " ind2=" "><subfield code="a">text</subfield><subfield code="2">rdacontent</subfield></datafield><datafield tag="336" ind1=" " ind2=" "><subfield code="a">still image</subfield><subfield code="2">rdacontent</subfield></datafield><datafield tag="337" ind1=" " ind2=" "><subfield code="a">unmediated</subfield><subfield code="2">rdamedia</subfield></datafield><datafield tag="338" ind1=" " ind2=" "><subfield code="a">volume</subfield><subfield code="2">rdacarrier</subfield></datafield><datafield tag="504" ind1=" " ind2=" "><subfield code="a">Includes bibliographic references and index.</subfield></datafield><datafield tag="505" ind1="0" ind2="0"><subfield code="t">The westward transmission of Chinese tea culture --</subfield><subfield code="t">Extravagance and flaunt: the consumption and localization of English tea --</subfield><subfield code="t">Moving toward mass consumption --</subfield><subfield code="t">Challenge and integration: China's response to Western market --</subfield><subfield code="t">Imitation and innovation: the rise of tea-related industries in Britain --</subfield><subfield code="t">Hybridization and blending: transition from scene construction to spacial aesthetics</subfield></datafield><datafield tag="520" ind1=" " ind2=" "><subfield code="a">"This book focuses on tea-ware design exchanges between China and the UK since the middle of 17th Century, and explores how design encouraged trade and how the market demand influenced the development of design.   The spirit of Chinese tea came to Britain alone with tea itself, and enriched the design of tea-ware, as well as British tea culture. During this process, tea-related oriental aesthetics evolved into an aesthetic image mechanism and developed as aesthetic concept, which infiltrated from private space to social space." --</subfield><subfield code="c">Provided by publisher.</subfield></datafield><datafield tag="546" ind1=" " ind2=" "><subfield code="a">In English, translated from the Chinese.</subfield></datafield><datafield tag="500" ind1=" " ind2=" "><subfield code="a">Translation from the Chinese language edition published by the Shanghai People's Fine Arts Publishing House, ©2022.</subfield></datafield><datafield tag="650" ind1=" " ind2="0"><subfield code="a">Tea making paraphernalia</subfield><subfield code="z">Great Britain</subfield><subfield code="x">History.</subfield></datafield><datafield tag="650" ind1=" " ind2="0"><subfield code="a">Tea making paraphernalia</subfield><subfield code="z">China</subfield><subfield code="x">History.</subfield></datafield><datafield tag="650" ind1=" " ind2="0"><subfield code="a">Tea trade</subfield><subfield code="z">Great Britain</subfield><subfield code="x">History.</subfield></datafield><datafield tag="650" ind1=" " ind2="0"><subfield code="a">Tea trade</subfield><subfield code="z">China</subfield><subfield code="x">History.</subfield></datafield><datafield tag="650" ind1=" " ind2="6"><subfield code="a">Thé</subfield><subfield code="x">Accessoires</subfield><subfield code="z">Chine</subfield><subfield code="x">Histoire.</subfield></datafield><datafield tag="650" ind1=" " ind2="7"><subfield code="a">Tea making paraphernalia</subfield><subfield code="x">History.</subfield><subfield code="2">fast</subfield><subfield code="0">(OCoLC)fst01144167</subfield></datafield><datafield tag="650" ind1=" " ind2="7"><subfield code="a">Tea making paraphernalia</subfield><subfield code="2">fast</subfield></datafield><datafield tag="651" ind1=" " ind2="7"><subfield code="a">China</subfield><subfield code="2">fast</subfield><subfield code="1">https://id.oclc.org/worldcat/entity/E39PBJdCqh8h6hJY7PT6MQW4bd</subfield></datafield><datafield tag="776" ind1="0" ind2="8"><subfield code="i">ebook version :</subfield><subfield code="z">9789819776917</subfield></datafield><datafield tag="902" ind1=" " ind2=" "><subfield code="a">010002796</subfield><subfield code="w">copy</subfield><subfield code="1">20220101.0</subfield></datafield><datafield tag="910" ind1=" " ind2=" "><subfield code="c">F0501mon</subfield><subfield code="d">3110-10</subfield><subfield code="g">YBP</subfield></datafield><datafield tag="960" ind1=" " ind2=" "><subfield code="o">1</subfield><subfield code="z">USD</subfield></datafield><datafield tag="961" ind1=" " ind2=" "><subfield code="f">MJH</subfield><subfield code="m">311010</subfield><subfield code="n">Cloth</subfield></datafield><datafield tag="980" ind1=" " ind2=" "><subfield code="a">21201236</subfield><subfield code="i">129.99</subfield></datafield><datafield tag="982" ind1=" " ind2=" "><subfield code="c">f</subfield></datafield><datafield tag="984" ind1=" " ind2=" "><subfield code="a">20251031</subfield><subfield code="b">150105</subfield><subfield code="c">YBP-US</subfield></datafield><datafield tag="950" ind1=" " ind2=" "><subfield code="c">2026-03-04 20:06:21 US/Eastern</subfield><subfield code="b">2025-11-03 09:49:44 US/Eastern</subfield><subfield code="a">false</subfield></datafield><datafield tag="852" ind1="0" ind2=" "><subfield code="b">firestone</subfield><subfield code="c">stacks</subfield><subfield code="h">NK8730</subfield><subfield code="i">.Z53 2025</subfield><subfield code="8">221091759230006421</subfield></datafield><datafield tag="952" ind1=" " ind2=" "><subfield code="d">2025-11-03 14:50:05</subfield><subfield code="8">221091759230006421</subfield><subfield code="a">2025-11-03 14:50:05</subfield><subfield code="b">Firestone Library</subfield><subfield code="c">stacks: Firestone Library</subfield><subfield code="e">false</subfield></datafield><datafield tag="876" ind1=" " ind2=" "><subfield code="0">221091759230006421</subfield><subfield code="j">0</subfield><subfield code="x">WORK_ORDER_DEPARTMENT</subfield><subfield code="z">stacks</subfield><subfield code="p">32101125141794</subfield><subfield code="a">231091759220006421</subfield><subfield code="d">2025-11-03 09:50:05 US/Eastern</subfield><subfield code="q">2026-02-25 12:37:25 US/Eastern</subfield><subfield code="y">firestone</subfield></datafield></record>