<record><leader>01611cas a2200373 a 4500</leader><controlfield tag="005">20240816113437.0</controlfield><controlfield tag="008">011129c19969999cc br p       0   e0chi d</controlfield><controlfield tag="001">9934829513506421</controlfield><datafield tag="035" ind1=" " ind2=" "><subfield code="a">(CStRLIN)NJPX01-S523</subfield></datafield><datafield tag="035" ind1=" " ind2=" "><subfield code="a">(NjP)3482951-princetondb</subfield></datafield><datafield tag="035" ind1=" " ind2=" "><subfield code="a">(OCoLC)ocm44149960</subfield></datafield><datafield tag="035" ind1=" " ind2=" "><subfield code="z">(NjP)Voyager3482951</subfield></datafield><datafield tag="040" ind1=" " ind2=" "><subfield code="a">CU-SB</subfield><subfield code="b">eng</subfield><subfield code="c">CU-SB</subfield><subfield code="d">CStRLIN</subfield><subfield code="d">NjP-G</subfield></datafield><datafield tag="043" ind1=" " ind2=" "><subfield code="a">a-cc---</subfield></datafield><datafield tag="066" ind1=" " ind2=" "><subfield code="c">$1</subfield></datafield><datafield tag="090" ind1=" " ind2=" "><subfield code="a">DS755</subfield><subfield code="b">.L36</subfield><subfield code="i">10/15/03 T</subfield><subfield code="h">04/03/03 T</subfield><subfield code="h">10/03/02 T</subfield><subfield code="h">09/20/02 T</subfield><subfield code="h">07/01/02 T</subfield><subfield code="h">06/27/02 T</subfield><subfield code="h">11/29/01 T</subfield></datafield><datafield tag="245" ind1="0" ind2="0"><subfield code="6">880-01</subfield><subfield code="a">Lao zhao pian =</subfield><subfield code="b">Old photos.</subfield></datafield><datafield tag="880" ind1="0" ind2="0"><subfield code="6">245-01/$1</subfield><subfield code="a">老照片 =</subfield><subfield code="b">Old photos.</subfield></datafield><datafield tag="260" ind1=" " ind2=" "><subfield code="6">880-02</subfield><subfield code="a">Jinan Shi :</subfield><subfield code="b">Shandong hua bao chu ban she,</subfield><subfield code="c">1996-</subfield></datafield><datafield tag="880" ind1=" " ind2=" "><subfield code="6">260-02/$1</subfield><subfield code="a">济南市 :</subfield><subfield code="b">山東畫報出版社,</subfield><subfield code="c">1996-</subfield></datafield><datafield tag="300" ind1=" " ind2=" "><subfield code="a">v. :</subfield><subfield code="b">ill. ;</subfield><subfield code="c">21 cm.</subfield></datafield><datafield tag="310" ind1=" " ind2=" "><subfield code="a">Bimonthly,</subfield><subfield code="b">2002-</subfield></datafield><datafield tag="321" ind1=" " ind2=" "><subfield code="a">Quarterly,</subfield><subfield code="b">1996-2001</subfield></datafield><datafield tag="362" ind1="0" ind2=" "><subfield code="6">880-03</subfield><subfield code="a">Di 1 ji-</subfield></datafield><datafield tag="880" ind1="0" ind2=" "><subfield code="6">362-03/$1</subfield><subfield code="a">第1辑-</subfield></datafield><datafield tag="500" ind1=" " ind2=" "><subfield code="a">Title from cover.</subfield></datafield><datafield tag="651" ind1=" " ind2="0"><subfield code="a">China</subfield><subfield code="x">History</subfield><subfield code="y">19th century</subfield><subfield code="v">Pictorial works</subfield><subfield code="v">Periodicals.</subfield></datafield><datafield tag="651" ind1=" " ind2="0"><subfield code="a">China</subfield><subfield code="x">History</subfield><subfield code="y">20th century</subfield><subfield code="v">Pictorial works</subfield><subfield code="v">Periodicals.</subfield></datafield><datafield tag="655" ind1=" " ind2="7"><subfield code="a">Periodicals.</subfield><subfield code="2">lcgft</subfield><subfield code="0">http://id.loc.gov/authorities/genreForms/gf2014026139</subfield></datafield><datafield tag="914" ind1=" " ind2=" "><subfield code="a">(OCoLC)ocm44149960</subfield><subfield code="b">OCoLC</subfield><subfield code="c">field transfer</subfield><subfield code="d">20221117</subfield><subfield code="e">processed</subfield><subfield code="f">44149960</subfield></datafield><datafield tag="950" ind1=" " ind2=" "><subfield code="l">C</subfield><subfield code="v">Vol.1-v.23</subfield></datafield><datafield tag="955" ind1=" " ind2=" "><subfield code="l">C</subfield><subfield code="c">1</subfield><subfield code="h">11/29/01 C</subfield></datafield><datafield tag="987" ind1=" " ind2=" "><subfield code="a">PINYIN</subfield><subfield code="b">CStRLIN</subfield><subfield code="c">20010609</subfield><subfield code="d">c</subfield><subfield code="e">1.1</subfield></datafield><datafield tag="998" ind1=" " ind2=" "><subfield code="a">10/15/03</subfield><subfield code="t">c</subfield><subfield code="s">9114</subfield><subfield code="n">NjP-G</subfield><subfield code="w">DCLC2001202655S</subfield><subfield code="d">11/29/01</subfield><subfield code="c">CSW</subfield><subfield code="b">IC</subfield><subfield code="i">031015</subfield><subfield code="h">030403</subfield><subfield code="h">021003</subfield><subfield code="h">020920</subfield><subfield code="h">020701</subfield><subfield code="h">020627</subfield><subfield code="h">011129</subfield><subfield code="l">NJPX</subfield></datafield><datafield tag="950" ind1=" " ind2=" "><subfield code="c">2026-02-27 04:28:36 US/Eastern</subfield><subfield code="b">2021-07-12 22:53:49 US/Eastern</subfield><subfield code="a">false</subfield></datafield><datafield tag="852" ind1="0" ind2=" "><subfield code="b">eastasian</subfield><subfield code="c">cjk</subfield><subfield code="h">DS755</subfield><subfield code="i">.L36</subfield><subfield code="8">22638038260006421</subfield></datafield><datafield tag="866" ind1=" " ind2="0"><subfield code="a">No. 1 (1996)-no. 155 (2024)</subfield><subfield code="8">22638038260006421</subfield></datafield><datafield tag="866" ind1=" " ind2="0"><subfield code="z">LACKS: no. 107</subfield><subfield code="8">22638038260006421</subfield></datafield><datafield tag="866" ind1=" " ind2="0"><subfield code="z">CURRENT ISSUES IN: East Asian Library (Gest)</subfield><subfield code="8">22638038260006421</subfield></datafield><datafield tag="952" ind1=" " ind2=" "><subfield code="d">2025-10-28 16:18:45</subfield><subfield code="8">22638038260006421</subfield><subfield code="a">2021-07-13 02:53:49</subfield><subfield code="b">East Asian Library</subfield><subfield code="c">cjk: East Asian Library</subfield><subfield code="e">false</subfield></datafield><datafield tag="876" ind1=" " ind2=" "><subfield code="0">22638038260006421</subfield><subfield code="j">1</subfield><subfield code="z">cjk</subfield><subfield code="p">32101063679870</subfield><subfield code="t">1</subfield><subfield code="a">23638038030006421</subfield><subfield code="3">no.45-50 2006</subfield><subfield code="d">2008-04-01 20:00:00 US/Eastern</subfield><subfield code="q">2008-04-02 06:59:00 US/Eastern</subfield><subfield code="y">eastasian</subfield></datafield><datafield tag="876" ind1=" " ind2=" "><subfield code="0">22638038260006421</subfield><subfield code="j">1</subfield><subfield code="z">cjk</subfield><subfield code="p">32101093531158</subfield><subfield code="t">1</subfield><subfield code="a">23638038200006421</subfield><subfield code="3">no.84-86 2012</subfield><subfield code="d">2014-04-02 20:00:00 US/Eastern</subfield><subfield code="q">2014-04-03 06:59:00 US/Eastern</subfield><subfield code="y">eastasian</subfield></datafield><datafield tag="876" ind1=" " ind2=" "><subfield code="0">22638038260006421</subfield><subfield code="j">1</subfield><subfield code="z">cjk</subfield><subfield code="p">32101100128584</subfield><subfield code="t">1</subfield><subfield code="a">23638037890006421</subfield><subfield code="3">no.114-116 2017</subfield><subfield code="d">2018-08-02 20:00:00 US/Eastern</subfield><subfield code="q">2018-08-03 06:59:00 US/Eastern</subfield><subfield code="y">eastasian</subfield></datafield><datafield tag="876" ind1=" " ind2=" "><subfield code="0">22638038260006421</subfield><subfield code="j">1</subfield><subfield code="z">cjk</subfield><subfield code="p">32101056471582</subfield><subfield code="t">1</subfield><subfield code="a">23638038100006421</subfield><subfield code="3">no.9-12 1999</subfield><subfield code="d">2006-04-03 20:00:00 US/Eastern</subfield><subfield code="q">2006-04-04 06:59:00 US/Eastern</subfield><subfield code="y">eastasian</subfield></datafield><datafield tag="876" ind1=" " ind2=" "><subfield code="0">22638038260006421</subfield><subfield code="j">1</subfield><subfield code="z">cjk</subfield><subfield code="p">32101056471574</subfield><subfield code="t">1</subfield><subfield code="a">23638038110006421</subfield><subfield code="3">no.1-8 1996-1998</subfield><subfield code="d">2006-04-03 20:00:00 US/Eastern</subfield><subfield code="q">2006-04-04 06:59:00 US/Eastern</subfield><subfield code="y">eastasian</subfield></datafield><datafield tag="876" ind1=" " ind2=" "><subfield code="0">22638038260006421</subfield><subfield code="j">1</subfield><subfield code="z">cjk</subfield><subfield code="p">32101095369722</subfield><subfield code="t">1</subfield><subfield code="a">23638038120006421</subfield><subfield code="3">no.99-101 2015</subfield><subfield code="d">2016-05-23 20:00:00 US/Eastern</subfield><subfield code="q">2016-05-24 06:59:00 US/Eastern</subfield><subfield code="y">eastasian</subfield></datafield><datafield tag="876" ind1=" " ind2=" "><subfield code="0">22638038260006421</subfield><subfield code="j">1</subfield><subfield code="z">cjk</subfield><subfield code="p">32101081424028</subfield><subfield code="t">1</subfield><subfield code="a">23638038130006421</subfield><subfield code="3">no.96-98 2014</subfield><subfield code="d">2015-05-12 20:00:00 US/Eastern</subfield><subfield code="q">2015-05-13 06:59:00 US/Eastern</subfield><subfield code="y">eastasian</subfield></datafield><datafield tag="876" ind1=" " ind2=" "><subfield code="0">22638038260006421</subfield><subfield code="j">1</subfield><subfield code="z">cjk</subfield><subfield code="p">32101093199014</subfield><subfield code="t">1</subfield><subfield code="a">23638037960006421</subfield><subfield code="3">no.87-89 2013</subfield><subfield code="d">2014-03-13 20:00:00 US/Eastern</subfield><subfield code="q">2014-03-14 06:59:00 US/Eastern</subfield><subfield code="y">eastasian</subfield></datafield><datafield tag="876" ind1=" " ind2=" "><subfield code="0">22638038260006421</subfield><subfield code="j">1</subfield><subfield code="z">cjk</subfield><subfield code="p">32101086033592</subfield><subfield code="t">1</subfield><subfield code="a">23638037970006421</subfield><subfield code="3">no.78-80 2011</subfield><subfield code="d">2012-08-30 20:00:00 US/Eastern</subfield><subfield code="q">2012-08-31 06:59:00 US/Eastern</subfield><subfield code="y">eastasian</subfield></datafield><datafield tag="876" ind1=" " ind2=" "><subfield code="0">22638038260006421</subfield><subfield code="j">1</subfield><subfield code="z">cjk</subfield><subfield code="p">32101083344661</subfield><subfield code="t">1</subfield><subfield code="a">23638037980006421</subfield><subfield code="3">no.75-77 2011</subfield><subfield code="d">2012-07-10 20:00:00 US/Eastern</subfield><subfield code="q">2012-07-11 06:59:00 US/Eastern</subfield><subfield code="y">eastasian</subfield></datafield><datafield tag="876" ind1=" " ind2=" "><subfield code="0">22638038260006421</subfield><subfield code="j">1</subfield><subfield code="z">cjk</subfield><subfield code="p">32101113925588</subfield><subfield code="a">23993681610006421</subfield><subfield code="3">no. 129-131 (2020)</subfield><subfield code="d">2023-10-04 12:04:53 US/Eastern</subfield><subfield code="q">2023-10-04 12:13:10 US/Eastern</subfield><subfield code="y">eastasian</subfield></datafield><datafield tag="876" ind1=" " ind2=" "><subfield code="0">22638038260006421</subfield><subfield code="j">1</subfield><subfield code="z">cjk</subfield><subfield code="p">32101113927477</subfield><subfield code="a">23993681620006421</subfield><subfield code="3">no. 141-143 (2022)</subfield><subfield code="d">2023-10-04 12:02:55 US/Eastern</subfield><subfield code="q">2023-10-10 11:19:27 US/Eastern</subfield><subfield code="y">eastasian</subfield></datafield><datafield tag="876" ind1=" " ind2=" "><subfield code="0">22638038260006421</subfield><subfield code="j">1</subfield><subfield code="z">cjk</subfield><subfield code="p">32101113925570</subfield><subfield code="a">23993681600006421</subfield><subfield code="3">no. 132-134 (2020)</subfield><subfield code="d">2023-10-04 12:11:47 US/Eastern</subfield><subfield code="q">2023-10-04 12:12:49 US/Eastern</subfield><subfield code="y">eastasian</subfield></datafield><datafield tag="876" ind1=" " ind2=" "><subfield code="0">22638038260006421</subfield><subfield code="j">1</subfield><subfield code="z">cjk</subfield><subfield code="p">32101100128600</subfield><subfield code="t">1</subfield><subfield code="a">23638037910006421</subfield><subfield code="3">no.108-110 2016</subfield><subfield code="d">2018-08-02 20:00:00 US/Eastern</subfield><subfield code="q">2018-08-03 06:59:00 US/Eastern</subfield><subfield code="y">eastasian</subfield></datafield><datafield tag="876" ind1=" " ind2=" "><subfield code="0">22638038260006421</subfield><subfield code="j">1</subfield><subfield code="z">cjk</subfield><subfield code="p">32101075347698</subfield><subfield code="t">1</subfield><subfield code="a">23638038190006421</subfield><subfield code="3">no.57-59 2008</subfield><subfield code="d">2010-03-11 19:00:00 US/Eastern</subfield><subfield code="q">2010-03-12 05:59:00 US/Eastern</subfield><subfield code="y">eastasian</subfield></datafield><datafield tag="876" ind1=" " ind2=" "><subfield code="0">22638038260006421</subfield><subfield code="j">1</subfield><subfield code="z">cjk</subfield><subfield code="p">32101075347706</subfield><subfield code="t">1</subfield><subfield code="a">23638038180006421</subfield><subfield code="3">no.60-62 2008</subfield><subfield code="d">2010-03-11 19:00:00 US/Eastern</subfield><subfield code="q">2010-03-12 05:59:00 US/Eastern</subfield><subfield code="y">eastasian</subfield></datafield><datafield tag="876" ind1=" " ind2=" "><subfield code="0">22638038260006421</subfield><subfield code="j">1</subfield><subfield code="z">cjk</subfield><subfield code="p">32101100128626</subfield><subfield code="t">1</subfield><subfield code="a">23638037930006421</subfield><subfield code="3">no.102-104 2015</subfield><subfield code="d">2018-08-02 20:00:00 US/Eastern</subfield><subfield code="q">2018-08-03 06:59:00 US/Eastern</subfield><subfield code="y">eastasian</subfield></datafield><datafield tag="876" ind1=" " ind2=" "><subfield code="0">22638038260006421</subfield><subfield code="j">1</subfield><subfield code="z">cjk</subfield><subfield code="p">32101075347714</subfield><subfield code="t">1</subfield><subfield code="a">23638038170006421</subfield><subfield code="3">no.63-65 2009</subfield><subfield code="d">2010-03-11 19:00:00 US/Eastern</subfield><subfield code="q">2010-03-12 05:59:00 US/Eastern</subfield><subfield code="y">eastasian</subfield></datafield><datafield tag="876" ind1=" " ind2=" "><subfield code="0">22638038260006421</subfield><subfield code="j">1</subfield><subfield code="z">cjk</subfield><subfield code="p">32101100128592</subfield><subfield code="t">1</subfield><subfield code="a">23638037900006421</subfield><subfield code="3">no.111-113 2017</subfield><subfield code="d">2018-08-02 20:00:00 US/Eastern</subfield><subfield code="q">2018-08-03 06:59:00 US/Eastern</subfield><subfield code="y">eastasian</subfield></datafield><datafield tag="876" ind1=" " ind2=" "><subfield code="0">22638038260006421</subfield><subfield code="j">1</subfield><subfield code="z">cjk</subfield><subfield code="p">32101100128618</subfield><subfield code="t">1</subfield><subfield code="a">23638037920006421</subfield><subfield code="3">no.105-106 2016</subfield><subfield code="d">2018-08-02 20:00:00 US/Eastern</subfield><subfield code="q">2018-08-03 06:59:00 US/Eastern</subfield><subfield code="y">eastasian</subfield></datafield><datafield tag="876" ind1=" " ind2=" "><subfield code="0">22638038260006421</subfield><subfield code="j">1</subfield><subfield code="z">cjk</subfield><subfield code="p">32101066176858</subfield><subfield code="t">1</subfield><subfield code="a">23638037940006421</subfield><subfield code="3">no.93-95 2014</subfield><subfield code="d">2014-11-23 19:00:00 US/Eastern</subfield><subfield code="q">2014-11-24 05:59:00 US/Eastern</subfield><subfield code="y">eastasian</subfield></datafield><datafield tag="876" ind1=" " ind2=" "><subfield code="0">22638038260006421</subfield><subfield code="j">1</subfield><subfield code="z">cjk</subfield><subfield code="p">32101086661152</subfield><subfield code="t">1</subfield><subfield code="a">23638037950006421</subfield><subfield code="3">no.90-92 2013</subfield><subfield code="d">2014-07-20 20:00:00 US/Eastern</subfield><subfield code="q">2014-07-21 06:59:00 US/Eastern</subfield><subfield code="y">eastasian</subfield></datafield><datafield tag="876" ind1=" " ind2=" "><subfield code="0">22638038260006421</subfield><subfield code="j">1</subfield><subfield code="z">cjk</subfield><subfield code="p">32101056471624</subfield><subfield code="t">1</subfield><subfield code="a">23638038070006421</subfield><subfield code="3">no.27-32 2003</subfield><subfield code="d">2006-04-03 20:00:00 US/Eastern</subfield><subfield code="q">2006-04-04 06:59:00 US/Eastern</subfield><subfield code="y">eastasian</subfield></datafield><datafield tag="876" ind1=" " ind2=" "><subfield code="0">22638038260006421</subfield><subfield code="j">1</subfield><subfield code="z">cjk</subfield><subfield code="p">32101078974449</subfield><subfield code="t">1</subfield><subfield code="a">23638038160006421</subfield><subfield code="3">no.66-68 2009</subfield><subfield code="d">2010-09-28 20:00:00 US/Eastern</subfield><subfield code="q">2010-09-29 06:59:00 US/Eastern</subfield><subfield code="y">eastasian</subfield></datafield><datafield tag="876" ind1=" " ind2=" "><subfield code="0">22638038260006421</subfield><subfield code="j">1</subfield><subfield code="z">cjk</subfield><subfield code="p">32101088501182</subfield><subfield code="t">1</subfield><subfield code="a">23638038140006421</subfield><subfield code="3">no.81-83 2012</subfield><subfield code="d">2013-08-08 20:00:00 US/Eastern</subfield><subfield code="q">2013-08-09 06:59:00 US/Eastern</subfield><subfield code="y">eastasian</subfield></datafield><datafield tag="876" ind1=" " ind2=" "><subfield code="0">22638038260006421</subfield><subfield code="j">1</subfield><subfield code="z">cjk</subfield><subfield code="p">32101077529582</subfield><subfield code="t">1</subfield><subfield code="a">23638038150006421</subfield><subfield code="3">no.69-71 2010</subfield><subfield code="d">2011-03-07 19:00:00 US/Eastern</subfield><subfield code="q">2011-03-08 05:59:00 US/Eastern</subfield><subfield code="y">eastasian</subfield></datafield><datafield tag="876" ind1=" " ind2=" "><subfield code="0">22638038260006421</subfield><subfield code="j">1</subfield><subfield code="z">cjk</subfield><subfield code="p">32101108312685</subfield><subfield code="t">1</subfield><subfield code="a">23638037880006421</subfield><subfield code="3">no. 117-119 2018</subfield><subfield code="d">2020-12-08 19:00:00 US/Eastern</subfield><subfield code="q">2020-12-09 05:59:00 US/Eastern</subfield><subfield code="y">eastasian</subfield></datafield><datafield tag="876" ind1=" " ind2=" "><subfield code="0">22638038260006421</subfield><subfield code="j">1</subfield><subfield code="z">cjk</subfield><subfield code="p">32101056471590</subfield><subfield code="t">1</subfield><subfield code="a">23638038050006421</subfield><subfield code="3">no.13-16 2000</subfield><subfield code="d">2006-04-03 20:00:00 US/Eastern</subfield><subfield code="q">2006-04-04 06:59:00 US/Eastern</subfield><subfield code="y">eastasian</subfield></datafield><datafield tag="876" ind1=" " ind2=" "><subfield code="0">22638038260006421</subfield><subfield code="j">1</subfield><subfield code="z">cjk</subfield><subfield code="p">32101108312669</subfield><subfield code="t">1</subfield><subfield code="a">23638037840006421</subfield><subfield code="3">no. 123-125 2019</subfield><subfield code="d">2020-12-08 19:00:00 US/Eastern</subfield><subfield code="q">2020-12-09 05:59:00 US/Eastern</subfield><subfield code="y">eastasian</subfield></datafield><datafield tag="876" ind1=" " ind2=" "><subfield code="0">22638038260006421</subfield><subfield code="j">1</subfield><subfield code="z">cjk</subfield><subfield code="p">32101108312677</subfield><subfield code="t">1</subfield><subfield code="a">23638037850006421</subfield><subfield code="3">no. 120-122 2018</subfield><subfield code="d">2020-12-08 19:00:00 US/Eastern</subfield><subfield code="q">2020-12-09 05:59:00 US/Eastern</subfield><subfield code="y">eastasian</subfield></datafield><datafield tag="876" ind1=" " ind2=" "><subfield code="0">22638038260006421</subfield><subfield code="j">1</subfield><subfield code="z">cjk</subfield><subfield code="p">32101083344653</subfield><subfield code="t">1</subfield><subfield code="a">23638038010006421</subfield><subfield code="3">no.72-74 2010</subfield><subfield code="d">2012-07-10 20:00:00 US/Eastern</subfield><subfield code="q">2012-07-11 06:59:00 US/Eastern</subfield><subfield code="y">eastasian</subfield></datafield><datafield tag="876" ind1=" " ind2=" "><subfield code="0">22638038260006421</subfield><subfield code="j">1</subfield><subfield code="z">cjk</subfield><subfield code="p">32101063683963</subfield><subfield code="t">1</subfield><subfield code="a">23638038020006421</subfield><subfield code="3">no.51-56 2007</subfield><subfield code="d">2008-07-22 20:00:00 US/Eastern</subfield><subfield code="q">2008-07-23 06:59:00 US/Eastern</subfield><subfield code="y">eastasian</subfield></datafield><datafield tag="876" ind1=" " ind2=" "><subfield code="0">22638038260006421</subfield><subfield code="j">1</subfield><subfield code="z">cjk</subfield><subfield code="p">32101108312651</subfield><subfield code="t">1</subfield><subfield code="a">23638037820006421</subfield><subfield code="3">no. 126-128 2019</subfield><subfield code="d">2020-12-08 19:00:00 US/Eastern</subfield><subfield code="q">2020-12-09 05:59:00 US/Eastern</subfield><subfield code="y">eastasian</subfield></datafield><datafield tag="876" ind1=" " ind2=" "><subfield code="0">22638038260006421</subfield><subfield code="j">1</subfield><subfield code="z">cjk</subfield><subfield code="p">32101059158665</subfield><subfield code="t">1</subfield><subfield code="a">23638038040006421</subfield><subfield code="3">no.39-44 2005</subfield><subfield code="d">2007-01-07 19:00:00 US/Eastern</subfield><subfield code="q">2007-01-08 05:59:00 US/Eastern</subfield><subfield code="y">eastasian</subfield></datafield><datafield tag="876" ind1=" " ind2=" "><subfield code="0">22638038260006421</subfield><subfield code="j">1</subfield><subfield code="z">cjk</subfield><subfield code="p">32101056471632</subfield><subfield code="t">1</subfield><subfield code="a">23638038060006421</subfield><subfield code="3">no.33-38 2004</subfield><subfield code="d">2006-04-03 20:00:00 US/Eastern</subfield><subfield code="q">2006-04-04 06:59:00 US/Eastern</subfield><subfield code="y">eastasian</subfield></datafield><datafield tag="876" ind1=" " ind2=" "><subfield code="0">22638038260006421</subfield><subfield code="j">1</subfield><subfield code="z">cjk</subfield><subfield code="p">32101056471616</subfield><subfield code="t">1</subfield><subfield code="a">23638038080006421</subfield><subfield code="3">no.21-26 2002</subfield><subfield code="d">2006-04-03 20:00:00 US/Eastern</subfield><subfield code="q">2006-04-04 06:59:00 US/Eastern</subfield><subfield code="y">eastasian</subfield></datafield><datafield tag="876" ind1=" " ind2=" "><subfield code="0">22638038260006421</subfield><subfield code="j">1</subfield><subfield code="z">cjk</subfield><subfield code="p">32101056471608</subfield><subfield code="t">1</subfield><subfield code="a">23638038090006421</subfield><subfield code="3">no.17-20 2001</subfield><subfield code="d">2006-04-03 20:00:00 US/Eastern</subfield><subfield code="q">2006-04-04 06:59:00 US/Eastern</subfield><subfield code="y">eastasian</subfield></datafield><datafield tag="876" ind1=" " ind2=" "><subfield code="0">22638038260006421</subfield><subfield code="j">1</subfield><subfield code="z">cjk</subfield><subfield code="p">32101114064536</subfield><subfield code="a">231091247120006421</subfield><subfield code="3">no. 153-155 (2024)</subfield><subfield code="d">2025-10-28 12:16:52 US/Eastern</subfield><subfield code="q">2025-10-28 12:18:36 US/Eastern</subfield><subfield code="y">eastasian</subfield></datafield><datafield tag="876" ind1=" " ind2=" "><subfield code="0">22638038260006421</subfield><subfield code="j">1</subfield><subfield code="z">cjk</subfield><subfield code="p">32101115428219</subfield><subfield code="a">231037208360006421</subfield><subfield code="3">no. 146-149 2023 (2023)</subfield><subfield code="d">2024-12-10 10:04:43 US/Eastern</subfield><subfield code="q">2024-12-10 10:05:28 US/Eastern</subfield><subfield code="y">eastasian</subfield></datafield><datafield tag="876" ind1=" " ind2=" "><subfield code="0">22638038260006421</subfield><subfield code="j">1</subfield><subfield code="z">cjk</subfield><subfield code="p">32101115428201</subfield><subfield code="a">231037208350006421</subfield><subfield code="3">no. 150-152 2023 (2023)</subfield><subfield code="d">2024-12-10 10:06:35 US/Eastern</subfield><subfield code="q">2024-12-10 10:07:16 US/Eastern</subfield><subfield code="y">eastasian</subfield></datafield><datafield tag="876" ind1=" " ind2=" "><subfield code="0">22638038260006421</subfield><subfield code="j">1</subfield><subfield code="z">cjk</subfield><subfield code="a">231071362130006421</subfield><subfield code="3">no. 156 [whole] (2024)</subfield><subfield code="d">2025-06-18 13:11:15 US/Eastern</subfield><subfield code="q">2025-06-18 12:16:12 US/Eastern</subfield><subfield code="y">eastasian</subfield></datafield><datafield tag="876" ind1=" " ind2=" "><subfield code="0">22638038260006421</subfield><subfield code="j">1</subfield><subfield code="z">cjk</subfield><subfield code="p">32101113925554</subfield><subfield code="a">23993681580006421</subfield><subfield code="3">no. 138-140 (2021)</subfield><subfield code="d">2023-10-04 12:15:54 US/Eastern</subfield><subfield code="q">2023-10-04 12:16:10 US/Eastern</subfield><subfield code="y">eastasian</subfield></datafield><datafield tag="876" ind1=" " ind2=" "><subfield code="0">22638038260006421</subfield><subfield code="j">1</subfield><subfield code="z">cjk</subfield><subfield code="p">32101113925562</subfield><subfield code="a">23993681590006421</subfield><subfield code="3">no. 136-137 (2021)</subfield><subfield code="d">2023-10-04 12:14:21 US/Eastern</subfield><subfield code="q">2023-10-04 12:14:59 US/Eastern</subfield><subfield code="y">eastasian</subfield></datafield><datafield tag="876" ind1=" " ind2=" "><subfield code="0">22638038260006421</subfield><subfield code="j">1</subfield><subfield code="z">cjk</subfield><subfield code="p">32101115483867</subfield><subfield code="a">231012979790006421</subfield><subfield code="3">no. 144-145 (2022)</subfield><subfield code="d">2024-03-06 13:58:01 US/Eastern</subfield><subfield code="q">2024-03-06 13:58:00 US/Eastern</subfield><subfield code="y">eastasian</subfield></datafield></record>