<record><leader>01563cam a2200409 i 4500</leader><controlfield tag="005">20240812122925.0</controlfield><controlfield tag="008">200522s2019    sp a          000 0 spa d</controlfield><controlfield tag="001">99122015783506421</controlfield><datafield tag="020" ind1=" " ind2=" "><subfield code="a">9788409153893 :</subfield><subfield code="c">86.50 EUR</subfield></datafield><datafield tag="035" ind1=" " ind2=" "><subfield code="a">(ItFiC)4647655</subfield></datafield><datafield tag="035" ind1=" " ind2=" "><subfield code="a">(NjP)12201578-princetondb</subfield></datafield><datafield tag="035" ind1=" " ind2=" "><subfield code="a">(OCoLC)on1142964546</subfield></datafield><datafield tag="035" ind1=" " ind2=" "><subfield code="z">(NjP)Voyager12201578</subfield></datafield><datafield tag="040" ind1=" " ind2=" "><subfield code="a">ItFiC</subfield><subfield code="b">eng</subfield><subfield code="e">rda</subfield><subfield code="c">ItFiC</subfield></datafield><datafield tag="041" ind1="0" ind2=" "><subfield code="a">spa</subfield><subfield code="a">eng</subfield></datafield><datafield tag="041" ind1=" " ind2="7"><subfield code="a">eng</subfield><subfield code="a">spa</subfield><subfield code="2">iso639-3</subfield></datafield><datafield tag="050" ind1="0" ind2="0"><subfield code="a">NA1353.H47</subfield><subfield code="b">H475 2019</subfield></datafield><datafield tag="245" ind1="0" ind2="0"><subfield code="a">Herzog &amp; de Meuron :</subfield><subfield code="b">2003-2019 /</subfield><subfield code="c">Luis Fernández-Galiano ed.</subfield></datafield><datafield tag="264" ind1=" " ind2="1"><subfield code="a">Madrid, España :</subfield><subfield code="b">Arquitectura Viva,</subfield><subfield code="c">[2019]</subfield></datafield><datafield tag="300" ind1=" " ind2=" "><subfield code="a">351 pages :</subfield><subfield code="b">illustrations (chiefly color) ;</subfield><subfield code="c">31 cm</subfield></datafield><datafield tag="336" ind1=" " ind2=" "><subfield code="a">still image</subfield><subfield code="b">sti</subfield><subfield code="2">rdacontent</subfield></datafield><datafield tag="336" ind1=" " ind2=" "><subfield code="a">text</subfield><subfield code="b">txt</subfield><subfield code="2">rdacontent</subfield></datafield><datafield tag="337" ind1=" " ind2=" "><subfield code="a">unmediated</subfield><subfield code="b">n</subfield><subfield code="2">rdamedia</subfield></datafield><datafield tag="338" ind1=" " ind2=" "><subfield code="a">volume</subfield><subfield code="b">nc</subfield><subfield code="2">rdacarrier</subfield></datafield><datafield tag="546" ind1=" " ind2=" "><subfield code="a">Texts in Spanish and English.</subfield></datafield><datafield tag="610" ind1="2" ind2="0"><subfield code="a">Herzog &amp; de Meuron</subfield><subfield code="x">Criticism and interpretation.</subfield></datafield><datafield tag="650" ind1=" " ind2="0"><subfield code="a">Architecture, Modern</subfield><subfield code="y">20th century.</subfield></datafield><datafield tag="650" ind1=" " ind2="0"><subfield code="a">Architecture, Modern</subfield><subfield code="y">21st century.</subfield></datafield><datafield tag="650" ind1=" " ind2="0"><subfield code="a">Architecture, Modern</subfield><subfield code="y">20th century</subfield><subfield code="v">Designs and plans.</subfield></datafield><datafield tag="650" ind1=" " ind2="0"><subfield code="a">Architecture, Modern</subfield><subfield code="y">21st century</subfield><subfield code="v">Designs and plans.</subfield></datafield><datafield tag="700" ind1="1" ind2=" "><subfield code="a">Fernández-Galiano, Luis,</subfield><subfield code="e">editor.</subfield></datafield><datafield tag="710" ind1="2" ind2=" "><subfield code="a">Herzog &amp; de Meuron.</subfield></datafield><datafield tag="852" ind1="0" ind2=" "><subfield code="h">NA1353.H47</subfield><subfield code="i">H475 2019</subfield></datafield><datafield tag="902" ind1=" " ind2=" "><subfield code="a">rp</subfield><subfield code="b">s</subfield><subfield code="6">a</subfield><subfield code="7">m</subfield><subfield code="d">v</subfield><subfield code="f">1</subfield><subfield code="e">20201204</subfield></datafield><datafield tag="904" ind1=" " ind2=" "><subfield code="a">rp</subfield><subfield code="b">a</subfield><subfield code="h">m</subfield><subfield code="c">b</subfield><subfield code="e">20201204</subfield></datafield><datafield tag="914" ind1=" " ind2=" "><subfield code="a">(OCoLC)on1142964546</subfield><subfield code="b">OCoLC</subfield><subfield code="c">match</subfield><subfield code="d">20221117</subfield><subfield code="e">processed</subfield><subfield code="f">1142964546</subfield></datafield><datafield tag="956" ind1="4" ind2="2"><subfield code="3">TOC</subfield><subfield code="u">http://ilibri.casalini.it/toc/4647655</subfield></datafield><datafield tag="950" ind1=" " ind2=" "><subfield code="c">2024-08-12 12:29:25 US/Eastern</subfield><subfield code="b">2021-07-12 08:40:03 US/Eastern</subfield><subfield code="a">false</subfield></datafield><datafield tag="852" ind1="0" ind2=" "><subfield code="b">arch</subfield><subfield code="c">stacks</subfield><subfield code="h">NA1353.H47</subfield><subfield code="i">H475 2019q</subfield><subfield code="k">Oversize</subfield><subfield code="8">22483068090006421</subfield></datafield><datafield tag="952" ind1=" " ind2=" "><subfield code="a">2021-07-12 12:40:03</subfield><subfield code="8">22483068090006421</subfield><subfield code="b">Architecture Library</subfield><subfield code="c">stacks: Architecture Library</subfield><subfield code="e">false</subfield></datafield><datafield tag="876" ind1=" " ind2=" "><subfield code="0">22483068090006421</subfield><subfield code="j">1</subfield><subfield code="z">stacks</subfield><subfield code="p">32101110100219</subfield><subfield code="t">0</subfield><subfield code="a">23483068080006421</subfield><subfield code="d">2020-12-03 19:00:00 US/Eastern</subfield><subfield code="q">2020-12-04 05:59:00 US/Eastern</subfield><subfield code="y">arch</subfield></datafield></record>