<record><leader>03106cam a2200433 i 4500</leader><controlfield tag="005">20260304201339.0</controlfield><controlfield tag="007">ta</controlfield><controlfield tag="008">251119t20252025maua     b    000 0 eng d</controlfield><controlfield tag="001">99131625238006421</controlfield><datafield tag="020" ind1=" " ind2=" "><subfield code="z">9798895060100</subfield><subfield code="q">(open access)</subfield></datafield><datafield tag="020" ind1=" " ind2=" "><subfield code="a">9798895060094</subfield><subfield code="q">paperback</subfield></datafield><datafield tag="020" ind1=" " ind2=" "><subfield code="a">9798895060117</subfield><subfield code="q">hardcover</subfield></datafield><datafield tag="035" ind1=" " ind2=" "><subfield code="a">(OCoLC)1552584591</subfield></datafield><datafield tag="035" ind1=" " ind2=" "><subfield code="a">(OCoLC)on1552584591</subfield></datafield><datafield tag="040" ind1=" " ind2=" "><subfield code="a">AMH</subfield><subfield code="b">eng</subfield><subfield code="e">rda</subfield><subfield code="c">AMH</subfield><subfield code="d">AMH</subfield><subfield code="d">NJP</subfield></datafield><datafield tag="050" ind1=" " ind2="4"><subfield code="a">DK510.762</subfield><subfield code="b">.M4285 2025</subfield></datafield><datafield tag="245" ind1="0" ind2="0"><subfield code="a">Media cultures of the Russian 1990s :</subfield><subfield code="b">inventing the post-Soviet public sphere /</subfield><subfield code="c">edited by Maya Vinokour.</subfield></datafield><datafield tag="264" ind1=" " ind2="1"><subfield code="a">Amherst, Massachusetts  :</subfield><subfield code="b">Amherst College Press,</subfield><subfield code="c">2025.</subfield></datafield><datafield tag="264" ind1=" " ind2="4"><subfield code="c">©2025</subfield></datafield><datafield tag="300" ind1=" " ind2=" "><subfield code="a">244 pages :</subfield><subfield code="b">illustrations ;</subfield><subfield code="c">26 cm</subfield></datafield><datafield tag="336" ind1=" " ind2=" "><subfield code="a">text</subfield><subfield code="b">txt</subfield><subfield code="2">rdacontent</subfield></datafield><datafield tag="337" ind1=" " ind2=" "><subfield code="a">unmediated</subfield><subfield code="b">n</subfield><subfield code="2">rdamedia</subfield></datafield><datafield tag="338" ind1=" " ind2=" "><subfield code="a">volume</subfield><subfield code="b">nc</subfield><subfield code="2">rdacarrier</subfield></datafield><datafield tag="504" ind1=" " ind2=" "><subfield code="a">Includes bibliographical references.</subfield></datafield><datafield tag="520" ind1="3" ind2=" "><subfield code="a">Examining Russian-language media from the "long 1990s"--the period beginning with Mikhail Gorbachev's policy of glasnost ("openness") and ending with the election of President Vladimir Putin--Media Cultures of the Russian 1990s shows how post-Soviet civil society emerged simultaneously with the explosion of new media, especially a newly liberated television and internet. A brief and contested period of media independence ensued as explosive creativity collided with rank commercialism, journalistic integrity with burgeoning political ambitions, and fringe with mainstream. By the late 1990s, however, the media landscape had succumbed to economic and political exploitation. The causes and nature of this shift, which set the stage for Putin's crackdown on independent media after 2000--as well as Russia's slide into aggressive authoritarianism--are embedded in the era's media artifacts. Written by an interdisciplinary group of experts, this edited collection addresses the mutual influence among disparate spheres of public life that enabled the media "Wild West" of the first post-Soviet decade. As a joint platform, the volume and the associated Multimedia Sourcebook of the Russian 1990s present the decade's media cultures in a manner that reflects their historical interconnectedness and relationship to the global present. Edited by Maya Vinokour with contributions from Bradley Gorski, Courtney Doucette, Fabrizio Fenghi, Rita Safariants, Daniil Leiderman, Thomas Keenan, and Pavel Khazanov.</subfield></datafield><datafield tag="650" ind1=" " ind2="0"><subfield code="a">Mass media</subfield><subfield code="z">Russia (Federation)</subfield><subfield code="y">1991-.</subfield></datafield><datafield tag="651" ind1=" " ind2="0"><subfield code="a">Russia (Federation)</subfield><subfield code="x">Social life and customs.</subfield></datafield><datafield tag="650" ind1=" " ind2="0"><subfield code="a">Popular culture</subfield><subfield code="z">Russia (Federation)</subfield><subfield code="y">1991-.</subfield></datafield><datafield tag="700" ind1="1" ind2=" "><subfield code="a">Vinokour, Maya,</subfield><subfield code="e">editor.</subfield><subfield code="1">https://id.oclc.org/worldcat/entity/E39PCjrT9JtTVGVdh3gvTvDDv3</subfield></datafield><datafield tag="710" ind1="2" ind2=" "><subfield code="a">Michigan Publishing (University of Michigan),</subfield><subfield code="e">publisher.</subfield></datafield><datafield tag="710" ind1="2" ind2=" "><subfield code="a">Amherst College.</subfield><subfield code="b">Press,</subfield><subfield code="e">publisher.</subfield></datafield><datafield tag="902" ind1=" " ind2=" "><subfield code="a">010002796</subfield><subfield code="w">copy</subfield><subfield code="1">20260303132826.0</subfield></datafield><datafield tag="910" ind1=" " ind2=" "><subfield code="c">F1301mon</subfield><subfield code="d">3110-10</subfield><subfield code="g">YBP</subfield></datafield><datafield tag="956" ind1="4" ind2="0"><subfield code="u">https://doi.org/10.3998/mpub.14527198</subfield><subfield code="7">0</subfield></datafield><datafield tag="960" ind1=" " ind2=" "><subfield code="o">1</subfield><subfield code="z">USD</subfield></datafield><datafield tag="961" ind1=" " ind2=" "><subfield code="f">TFK</subfield><subfield code="m">311010</subfield><subfield code="n">Cloth</subfield></datafield><datafield tag="980" ind1=" " ind2=" "><subfield code="a">22241883</subfield><subfield code="i">79.99</subfield></datafield><datafield tag="982" ind1=" " ind2=" "><subfield code="c">f</subfield></datafield><datafield tag="984" ind1=" " ind2=" "><subfield code="a">20250918</subfield><subfield code="b">090729</subfield><subfield code="c">YBP-US</subfield></datafield><datafield tag="950" ind1=" " ind2=" "><subfield code="c">2026-03-04 20:15:41 US/Eastern</subfield><subfield code="b">2025-09-18 09:48:45 US/Eastern</subfield><subfield code="a">false</subfield></datafield><datafield tag="852" ind1="0" ind2=" "><subfield code="b">firestone</subfield><subfield code="c">stacks</subfield><subfield code="h">DK510.762</subfield><subfield code="i">.M4285 2025</subfield><subfield code="8">221088466000006421</subfield></datafield><datafield tag="952" ind1=" " ind2=" "><subfield code="d">2026-03-05 01:15:36</subfield><subfield code="8">221088466000006421</subfield><subfield code="a">2025-09-18 13:50:03</subfield><subfield code="b">Firestone Library</subfield><subfield code="c">stacks: Firestone Library</subfield><subfield code="e">false</subfield></datafield><datafield tag="876" ind1=" " ind2=" "><subfield code="0">221088466000006421</subfield><subfield code="j">0</subfield><subfield code="x">WORK_ORDER_DEPARTMENT</subfield><subfield code="z">stacks</subfield><subfield code="p">32101125084267</subfield><subfield code="a">231088465980006421</subfield><subfield code="d">2025-09-18 09:50:03 US/Eastern</subfield><subfield code="q">2026-02-25 15:32:57 US/Eastern</subfield><subfield code="y">firestone</subfield></datafield></record>