<record><leader>04737cam a2200781 i 4500</leader><controlfield tag="005">20260304195830.0</controlfield><controlfield tag="008">250707t20252025enka     b    001 0 eng  </controlfield><controlfield tag="001">99131692187806421</controlfield><datafield tag="010" ind1=" " ind2=" "><subfield code="a">  2025021151</subfield></datafield><datafield tag="020" ind1=" " ind2=" "><subfield code="a">9781009550499</subfield><subfield code="q">hardcover</subfield></datafield><datafield tag="020" ind1=" " ind2=" "><subfield code="a">1009550497</subfield><subfield code="q">hardcover</subfield></datafield><datafield tag="020" ind1=" " ind2=" "><subfield code="a">9781009550468</subfield><subfield code="q">paperback</subfield></datafield><datafield tag="020" ind1=" " ind2=" "><subfield code="a">1009550462</subfield><subfield code="q">paperback</subfield></datafield><datafield tag="020" ind1=" " ind2=" "><subfield code="z">9781009550451</subfield><subfield code="q">electronic publication</subfield></datafield><datafield tag="024" ind1="8" ind2=" "><subfield code="a">CIPO000240314</subfield></datafield><datafield tag="035" ind1=" " ind2=" "><subfield code="a">(OCoLC)1473691114</subfield></datafield><datafield tag="035" ind1=" " ind2=" "><subfield code="a">(OCoLC)on1473691114</subfield></datafield><datafield tag="040" ind1=" " ind2=" "><subfield code="a">DLC</subfield><subfield code="b">eng</subfield><subfield code="e">rda</subfield><subfield code="c">DLC</subfield><subfield code="d">UKMGB</subfield><subfield code="d">OCLCO</subfield><subfield code="d">IG#</subfield><subfield code="d">YDX</subfield><subfield code="d">OCLCO</subfield><subfield code="d">SUC</subfield></datafield><datafield tag="042" ind1=" " ind2=" "><subfield code="a">pcc</subfield></datafield><datafield tag="043" ind1=" " ind2=" "><subfield code="a">n-usu--</subfield><subfield code="0">http://id.loc.gov/authorities/names/n79063906</subfield></datafield><datafield tag="043" ind1=" " ind2=" "><subfield code="a">n-us---</subfield><subfield code="0">http://id.loc.gov/authorities/names/n78095330</subfield></datafield><datafield tag="043" ind1=" " ind2=" "><subfield code="a">n-us-sc</subfield><subfield code="a">n-usu--</subfield><subfield code="a">n-us---</subfield></datafield><datafield tag="050" ind1="0" ind2="0"><subfield code="a">E577</subfield><subfield code="b">.D68 2025</subfield></datafield><datafield tag="082" ind1="0" ind2="0"><subfield code="a">975.7/03</subfield><subfield code="2">23/eng/20250714</subfield></datafield><datafield tag="100" ind1="1" ind2=" "><subfield code="a">Doyle, Patrick John,</subfield><subfield code="d">1987-</subfield><subfield code="e">author.</subfield><subfield code="4">aut</subfield><subfield code="4">http://id.loc.gov/vocabulary/relators/aut</subfield><subfield code="1">http://id.loc.gov/rwo/agents/n2025028066</subfield></datafield><datafield tag="245" ind1="1" ind2="0"><subfield code="a">Carolinian crucible :</subfield><subfield code="b">reforging class, family, and nation in Confederate South Carolina /</subfield><subfield code="c">Patrick J. Doyle, Royal Holloway, University of London.</subfield></datafield><datafield tag="246" ind1="3" ind2="0"><subfield code="a">Reforging class, family, and nation in Confederate South Carolina</subfield></datafield><datafield tag="264" ind1=" " ind2="1"><subfield code="a">Cambridge, United Kingdom ;</subfield><subfield code="a">New York, NY :</subfield><subfield code="b">Cambridge University Press,</subfield><subfield code="c">2025.</subfield></datafield><datafield tag="264" ind1=" " ind2="4"><subfield code="c">©2025</subfield></datafield><datafield tag="300" ind1=" " ind2=" "><subfield code="a">xx, 235 pages :</subfield><subfield code="b">illustrations ;</subfield><subfield code="c">24 cm</subfield></datafield><datafield tag="334" ind1=" " ind2=" "><subfield code="a">single unit</subfield><subfield code="b">mono</subfield><subfield code="0">http://id.loc.gov/vocabulary/issuance/mono</subfield></datafield><datafield tag="336" ind1=" " ind2=" "><subfield code="a">text</subfield><subfield code="b">txt</subfield><subfield code="2">rdacontent</subfield><subfield code="0">http://id.loc.gov/vocabulary/contentTypes/txt</subfield></datafield><datafield tag="337" ind1=" " ind2=" "><subfield code="a">unmediated</subfield><subfield code="b">n</subfield><subfield code="2">rdamedia</subfield><subfield code="0">http://id.loc.gov/vocabulary/mediaTypes/n</subfield></datafield><datafield tag="338" ind1=" " ind2=" "><subfield code="a">volume</subfield><subfield code="b">nc</subfield><subfield code="2">rdacarrier</subfield><subfield code="0">http://id.loc.gov/vocabulary/carriers/nc</subfield></datafield><datafield tag="353" ind1=" " ind2=" "><subfield code="a">bibliography</subfield><subfield code="b">bibliography</subfield><subfield code="0">http://id.loc.gov/vocabulary/msupplcont/bibliography</subfield></datafield><datafield tag="490" ind1="1" ind2=" "><subfield code="a">Cambridge studies on the American South</subfield></datafield><datafield tag="504" ind1=" " ind2=" "><subfield code="a">Includes bibliographical references (pages 211-228) and index.</subfield></datafield><datafield tag="505" ind1="2" ind2=" "><subfield code="a">"A Unanimity Never Before Witnessed": Late Antebellum Society and the Path to Secession -- "Like the Stone of Sisyphus": Mobilization -- "The Time for Conducting this War Leisurely has Passed": Conscription -- "It Will Take a Man Person with you to... Keep the Place Up": Family, Gender, and the Household -- "A Most Unhappy Condition of Things among a People Heretofore Perhaps the Most Loyal": Desertion, Disaffection, and Disloyalty.</subfield></datafield><datafield tag="520" ind1=" " ind2=" "><subfield code="a">"This book provides a richly detailed account of life and society in South Carolina during the Civil War. It is for students, scholars, and general readers interested in society and culture in the US South; histories of gender and family life; and Confederate nationalism"-- Provided by publisher.</subfield></datafield><datafield tag="650" ind1=" " ind2="0"><subfield code="a">War and society</subfield><subfield code="z">South Carolina.</subfield></datafield><datafield tag="650" ind1=" " ind2="0"><subfield code="a">Secession</subfield><subfield code="z">South Carolina.</subfield></datafield><datafield tag="651" ind1=" " ind2="0"><subfield code="a">South Carolina</subfield><subfield code="x">History</subfield><subfield code="y">Civil War, 1861-1865.</subfield></datafield><datafield tag="651" ind1=" " ind2="0"><subfield code="a">Confederate States of America</subfield><subfield code="x">Social conditions.</subfield></datafield><datafield tag="651" ind1=" " ind2="0"><subfield code="a">South Carolina</subfield><subfield code="x">History</subfield><subfield code="y">Civil War, 1861-1865</subfield><subfield code="x">Regimental histories.</subfield></datafield><datafield tag="651" ind1=" " ind2="0"><subfield code="a">United States</subfield><subfield code="x">History</subfield><subfield code="y">Civil War, 1861-1865</subfield><subfield code="x">Regimental histories.</subfield></datafield><datafield tag="651" ind1=" " ind2="0"><subfield code="a">South Carolina</subfield><subfield code="x">Social conditions</subfield><subfield code="y">19th century.</subfield></datafield><datafield tag="651" ind1=" " ind2="6"><subfield code="a">Caroline du Sud</subfield><subfield code="x">Conditions sociales</subfield><subfield code="y">19e siècle.</subfield></datafield><datafield tag="651" ind1=" " ind2="6"><subfield code="a">Caroline du Sud</subfield><subfield code="x">Histoire</subfield><subfield code="y">1861-1865 (Guerre de Sécession)</subfield></datafield><datafield tag="650" ind1=" " ind2="6"><subfield code="a">Sécession</subfield><subfield code="z">Caroline du Sud.</subfield></datafield><datafield tag="651" ind1=" " ind2="6"><subfield code="a">Caroline du Sud</subfield><subfield code="x">Histoire</subfield><subfield code="y">1861-1865 (Guerre de Sécession)</subfield><subfield code="x">Histoire des unités.</subfield></datafield><datafield tag="651" ind1=" " ind2="6"><subfield code="a">États-Unis</subfield><subfield code="x">Histoire</subfield><subfield code="y">1861-1865 (Guerre de Sécession)</subfield><subfield code="x">Histoire des unités.</subfield></datafield><datafield tag="650" ind1=" " ind2="6"><subfield code="a">Guerre et société</subfield><subfield code="z">Caroline du Sud.</subfield></datafield><datafield tag="651" ind1=" " ind2="7"><subfield code="a">South Carolina</subfield><subfield code="2">fast</subfield><subfield code="1">https://id.oclc.org/worldcat/entity/E39PBJr7Wpv4bHJGy3vdyRw6Kd</subfield></datafield><datafield tag="648" ind1=" " ind2="7"><subfield code="a">1800-1899</subfield><subfield code="2">fast</subfield></datafield><datafield tag="648" ind1=" " ind2="7"><subfield code="a">1861-1865</subfield><subfield code="2">fast</subfield></datafield><datafield tag="758" ind1=" " ind2=" "><subfield code="1">http://id.loc.gov/resources/instances/in00024276829</subfield></datafield><datafield tag="758" ind1=" " ind2=" "><subfield code="4">http://id.loc.gov/ontologies/bibframe/instanceOf</subfield><subfield code="1">http://id.loc.gov/resources/works/in00024276829</subfield></datafield><datafield tag="776" ind1="0" ind2="8"><subfield code="i">Online version</subfield><subfield code="4">http://id.loc.gov/entities/relationships/onlineversion</subfield><subfield code="a">Doyle, Dr Patrick J.</subfield><subfield code="t">Carolinian crucible</subfield><subfield code="d">Cambridge, United Kingdom ; New York, NY : Cambridge University Press, [2025]</subfield><subfield code="z">9781009550451</subfield><subfield code="w">(DLC)  2025021152</subfield></datafield><datafield tag="776" ind1="0" ind2="8"><subfield code="i">ebook version :</subfield><subfield code="z">9781009550451</subfield></datafield><datafield tag="830" ind1=" " ind2="0"><subfield code="a">Cambridge studies on the American South</subfield></datafield><datafield tag="884" ind1=" " ind2=" "><subfield code="a">DLC bibframe2marc v2.10-dev</subfield><subfield code="g">20250714</subfield><subfield code="q">DLC</subfield><subfield code="u">https://github.com/lcnetdev/bibframe2marc/releases/tag/v2.10-dev</subfield></datafield><datafield tag="902" ind1=" " ind2=" "><subfield code="a">010002796</subfield><subfield code="w">copy</subfield><subfield code="1">20260303123206.0</subfield></datafield><datafield tag="910" ind1=" " ind2=" "><subfield code="c">C0708mon</subfield><subfield code="d">3110-10</subfield><subfield code="g">YBP</subfield></datafield><datafield tag="960" ind1=" " ind2=" "><subfield code="o">1</subfield><subfield code="z">USD</subfield></datafield><datafield tag="961" ind1=" " ind2=" "><subfield code="f">SAK</subfield><subfield code="m">311010</subfield><subfield code="n">Cloth</subfield></datafield><datafield tag="980" ind1=" " ind2=" "><subfield code="a">21339168</subfield><subfield code="i">130.00</subfield></datafield><datafield tag="982" ind1=" " ind2=" "><subfield code="c">f</subfield></datafield><datafield tag="984" ind1=" " ind2=" "><subfield code="a">20251201</subfield><subfield code="b">080433</subfield><subfield code="c">YBP-US</subfield></datafield><datafield tag="950" ind1=" " ind2=" "><subfield code="c">2026-03-04 19:58:55 US/Eastern</subfield><subfield code="b">2025-12-01 09:04:13 US/Eastern</subfield><subfield code="a">false</subfield></datafield><datafield tag="852" ind1="0" ind2=" "><subfield code="b">firestone</subfield><subfield code="c">stacks</subfield><subfield code="h">E577</subfield><subfield code="i">.D68 2025</subfield><subfield code="8">221094664480006421</subfield></datafield><datafield tag="952" ind1=" " ind2=" "><subfield code="d">2025-12-01 14:04:32</subfield><subfield code="8">221094664480006421</subfield><subfield code="a">2025-12-01 14:04:32</subfield><subfield code="b">Firestone Library</subfield><subfield code="c">stacks: Firestone Library</subfield><subfield code="e">false</subfield></datafield><datafield tag="876" ind1=" " ind2=" "><subfield code="0">221094664480006421</subfield><subfield code="j">0</subfield><subfield code="x">WORK_ORDER_DEPARTMENT</subfield><subfield code="z">stacks</subfield><subfield code="p">32101125084309</subfield><subfield code="a">231094664470006421</subfield><subfield code="d">2025-12-01 09:04:32 US/Eastern</subfield><subfield code="q">2026-02-25 15:45:44 US/Eastern</subfield><subfield code="y">firestone</subfield></datafield></record>