<record><leader>01485cam a2200349 i 4500</leader><controlfield tag="005">20240718103454.0</controlfield><controlfield tag="008">771208s1978    enk           001 0 eng  </controlfield><controlfield tag="001">9912096873506421</controlfield><datafield tag="010" ind1=" " ind2=" "><subfield code="a">   77030415 //r85 </subfield></datafield><datafield tag="015" ind1=" " ind2=" "><subfield code="a">GB78</subfield></datafield><datafield tag="020" ind1=" " ind2=" "><subfield code="a">0198245874</subfield><subfield code="a">0198245882</subfield><subfield code="b">pbk. :</subfield><subfield code="c">£2.95</subfield></datafield><datafield tag="035" ind1=" " ind2=" "><subfield code="9">CDK1362TS</subfield></datafield><datafield tag="035" ind1=" " ind2=" "><subfield code="a">(NjP)1209687-princetondb</subfield></datafield><datafield tag="035" ind1=" " ind2=" "><subfield code="z">(NjP)Voyager1209687</subfield></datafield><datafield tag="035" ind1=" " ind2=" "><subfield code="a">(OCoLC)ocm03516456</subfield></datafield><datafield tag="040" ind1=" " ind2=" "><subfield code="a">DLC</subfield><subfield code="b">eng</subfield><subfield code="c">DLC</subfield><subfield code="d">PUL</subfield></datafield><datafield tag="050" ind1="0" ind2=" "><subfield code="a">B1485</subfield><subfield code="b">1978</subfield></datafield><datafield tag="082" ind1=" " ind2=" "><subfield code="a">128</subfield></datafield><datafield tag="100" ind1="1" ind2=" "><subfield code="a">Hume, David,</subfield><subfield code="d">1711-1776.</subfield><subfield code="0">http://id.loc.gov/authorities/names/n79054039</subfield></datafield><datafield tag="245" ind1="1" ind2="2"><subfield code="a">A treatise of human nature /</subfield><subfield code="c">by David Hume ; edited with an analytical index by L. A. Selby-Bigge.</subfield></datafield><datafield tag="250" ind1=" " ind2=" "><subfield code="a">2d ed. /</subfield><subfield code="b">with text rev. and variant readings by P. H. Nidditch.</subfield></datafield><datafield tag="260" ind1=" " ind2=" "><subfield code="a">Oxford :</subfield><subfield code="b">Clarendon Press ;</subfield><subfield code="a">New York :</subfield><subfield code="b">Oxford University Press,</subfield><subfield code="c">1978.</subfield></datafield><datafield tag="300" ind1=" " ind2=" "><subfield code="a">xix, 743 p. ;</subfield><subfield code="c">20 cm.</subfield></datafield><datafield tag="500" ind1=" " ind2=" "><subfield code="a">Includes original t.p.</subfield></datafield><datafield tag="500" ind1=" " ind2=" "><subfield code="a">Includes index.</subfield></datafield><datafield tag="505" ind1="0" ind2=" "><subfield code="a">Book 1. Of the understanding.--Book 2. Of the passions.--Book 3. Of morals.--Abstract of the treatise.</subfield></datafield><datafield tag="650" ind1=" " ind2="0"><subfield code="a">Knowledge, Theory of.</subfield><subfield code="0">http://id.loc.gov/authorities/subjects/sh85072732</subfield></datafield><datafield tag="700" ind1="1" ind2=" "><subfield code="a">Selby-Bigge, L. A.</subfield><subfield code="q">(Lewis Amherst),</subfield><subfield code="c">Sir,</subfield><subfield code="d">1860-1951.</subfield><subfield code="0">http://id.loc.gov/authorities/names/n80049831</subfield></datafield><datafield tag="700" ind1="1" ind2=" "><subfield code="a">Nidditch, P. H.</subfield><subfield code="0">http://id.loc.gov/authorities/names/n50003366</subfield></datafield><datafield tag="911" ind1=" " ind2=" "><subfield code="a">19981222</subfield></datafield><datafield tag="914" ind1=" " ind2=" "><subfield code="a">(OCoLC)ocm03516456</subfield><subfield code="b">OCoLC</subfield><subfield code="c">match</subfield><subfield code="d">20240710</subfield><subfield code="e">processed</subfield><subfield code="f">3516456</subfield></datafield><datafield tag="947" ind1=" " ind2=" "><subfield code="a">CDK1362</subfield></datafield><datafield tag="950" ind1=" " ind2=" "><subfield code="c">2024-07-18 10:34:54 US/Eastern</subfield><subfield code="b">2021-07-13 07:47:00 US/Eastern</subfield><subfield code="a">false</subfield></datafield><datafield tag="852" ind1="0" ind2="0"><subfield code="b">firestone</subfield><subfield code="c">stacks</subfield><subfield code="h">B1485 1978</subfield><subfield code="8">22733551040006421</subfield></datafield><datafield tag="952" ind1=" " ind2=" "><subfield code="a">2021-07-13 11:47:00</subfield><subfield code="8">22733551040006421</subfield><subfield code="b">Firestone Library</subfield><subfield code="c">stacks: Firestone Library</subfield><subfield code="e">false</subfield></datafield><datafield tag="852" ind1="0" ind2="0"><subfield code="b">firestone</subfield><subfield code="c">stacks</subfield><subfield code="h">B1485 1978</subfield><subfield code="8">22733551020006421</subfield></datafield><datafield tag="952" ind1=" " ind2=" "><subfield code="a">2021-07-13 11:47:00</subfield><subfield code="8">22733551020006421</subfield><subfield code="b">Firestone Library</subfield><subfield code="c">stacks: Firestone Library</subfield><subfield code="e">false</subfield></datafield><datafield tag="876" ind1=" " ind2=" "><subfield code="0">22733551040006421</subfield><subfield code="j">0</subfield><subfield code="x">MISSING</subfield><subfield code="z">stacks</subfield><subfield code="p">32101004245732</subfield><subfield code="t">1</subfield><subfield code="a">23733551030006421</subfield><subfield code="d">2000-06-12 20:00:00 US/Eastern</subfield><subfield code="q">2000-06-13 06:59:00 US/Eastern</subfield><subfield code="y">firestone</subfield></datafield><datafield tag="876" ind1=" " ind2=" "><subfield code="0">22733551020006421</subfield><subfield code="j">0</subfield><subfield code="x">LOAN</subfield><subfield code="z">res3hr</subfield><subfield code="p">32101009481035</subfield><subfield code="t">2</subfield><subfield code="a">23733551010006421</subfield><subfield code="d">2000-06-12 20:00:00 US/Eastern</subfield><subfield code="q">2000-06-13 06:59:00 US/Eastern</subfield><subfield code="y">firestone</subfield></datafield></record>