<record><leader>01197cam a2200325 a 4500</leader><controlfield tag="005">20240718090708.0</controlfield><controlfield tag="008">901017s1988    ne a     b    001 0 eng  </controlfield><controlfield tag="001">996055823506421</controlfield><datafield tag="010" ind1=" " ind2=" "><subfield code="a">   88015564  </subfield></datafield><datafield tag="020" ind1=" " ind2=" "><subfield code="a">9027727686</subfield></datafield><datafield tag="020" ind1=" " ind2=" "><subfield code="a">9027727694 (pbk.)</subfield></datafield><datafield tag="035" ind1=" " ind2=" "><subfield code="a">(CStRLIN)NJPG90-B45773</subfield></datafield><datafield tag="035" ind1=" " ind2=" "><subfield code="9">ACU1673TS</subfield></datafield><datafield tag="035" ind1=" " ind2=" "><subfield code="a">(NjP)605582-princetondb</subfield></datafield><datafield tag="035" ind1=" " ind2=" "><subfield code="z">(NjP)Voyager605582</subfield></datafield><datafield tag="035" ind1=" " ind2=" "><subfield code="a">(OCoLC)ocm17983076</subfield></datafield><datafield tag="040" ind1=" " ind2=" "><subfield code="b">eng</subfield><subfield code="c">NjP</subfield></datafield><datafield tag="050" ind1="0" ind2=" "><subfield code="a">QC880.4.B65</subfield><subfield code="b">S784 1988</subfield></datafield><datafield tag="082" ind1="0" ind2=" "><subfield code="a">551.5</subfield><subfield code="2">19</subfield></datafield><datafield tag="100" ind1="1" ind2=" "><subfield code="a">Stull, Roland B.,</subfield><subfield code="d">1950-</subfield><subfield code="0">http://id.loc.gov/authorities/names/n87841278</subfield></datafield><datafield tag="245" ind1="1" ind2="3"><subfield code="a">An introduction to boundary layer meteorology /</subfield><subfield code="c">Roland B. Stull.</subfield></datafield><datafield tag="260" ind1=" " ind2=" "><subfield code="a">Dordrecht ;</subfield><subfield code="a">Boston :</subfield><subfield code="b">Kluwer Academic Publishers,</subfield><subfield code="c">c1988.</subfield></datafield><datafield tag="300" ind1=" " ind2=" "><subfield code="a">xii, 666 p. :</subfield><subfield code="b">ill. ;</subfield><subfield code="c">25 cm.</subfield></datafield><datafield tag="440" ind1=" " ind2="0"><subfield code="a">Atmospheric sciences library</subfield></datafield><datafield tag="504" ind1=" " ind2=" "><subfield code="a">Includes bibliographies and index.</subfield></datafield><datafield tag="650" ind1=" " ind2="0"><subfield code="a">Boundary layer (Meteorology)</subfield><subfield code="0">http://id.loc.gov/authorities/subjects/sh85016096</subfield></datafield><datafield tag="911" ind1=" " ind2=" "><subfield code="a">19921028</subfield></datafield><datafield tag="912" ind1=" " ind2=" "><subfield code="a">19910104000000.0</subfield></datafield><datafield tag="914" ind1=" " ind2=" "><subfield code="a">(OCoLC)ocm17983076</subfield><subfield code="b">OCoLC</subfield><subfield code="c">match</subfield><subfield code="d">20240717</subfield><subfield code="e">processed</subfield><subfield code="f">17983076</subfield></datafield><datafield tag="998" ind1=" " ind2=" "><subfield code="a">10/17/90</subfield><subfield code="s">9110</subfield><subfield code="n">NjP</subfield><subfield code="w">RIBG88B20942</subfield><subfield code="d">10/17/90</subfield><subfield code="c">KSB</subfield><subfield code="b">KSB</subfield><subfield code="i">901017</subfield><subfield code="l">NJPG</subfield></datafield><datafield tag="950" ind1=" " ind2=" "><subfield code="c">2024-07-18 09:07:08 US/Eastern</subfield><subfield code="b">2021-07-12 14:52:36 US/Eastern</subfield><subfield code="a">false</subfield></datafield><datafield tag="852" ind1="0" ind2="0"><subfield code="b">recap</subfield><subfield code="c">pa</subfield><subfield code="h">QC880.4.B65</subfield><subfield code="i">S784 1988</subfield><subfield code="8">22550714400006421</subfield></datafield><datafield tag="952" ind1=" " ind2=" "><subfield code="a">2021-07-12 18:52:36</subfield><subfield code="8">22550714400006421</subfield><subfield code="b">ReCAP</subfield><subfield code="c">rcppa: RECAP</subfield><subfield code="e">false</subfield></datafield><datafield tag="876" ind1=" " ind2=" "><subfield code="0">22550714400006421</subfield><subfield code="j">0</subfield><subfield code="x">LOAN</subfield><subfield code="z">pa</subfield><subfield code="p">32101098586041</subfield><subfield code="t">1</subfield><subfield code="a">23550714390006421</subfield><subfield code="d">2000-06-12 20:00:00 US/Eastern</subfield><subfield code="q">2000-06-13 06:59:00 US/Eastern</subfield><subfield code="y">recap</subfield></datafield></record>