<record><leader>01678cam a2200397 a 4500</leader><controlfield tag="005">20240711060321.0</controlfield><controlfield tag="008">920716s1991    enkab    b    001 0 eng  </controlfield><controlfield tag="001">997324673506421</controlfield><datafield tag="010" ind1=" " ind2=" "><subfield code="a">   90043066  </subfield></datafield><datafield tag="020" ind1=" " ind2=" "><subfield code="a">0521333881 (hardback)</subfield></datafield><datafield tag="035" ind1=" " ind2=" "><subfield code="a">(CStRLIN)NJPG92-B38279</subfield></datafield><datafield tag="035" ind1=" " ind2=" "><subfield code="9">ADG9073TS</subfield></datafield><datafield tag="035" ind1=" " ind2=" "><subfield code="a">(NjP)732467-princetondb</subfield></datafield><datafield tag="035" ind1=" " ind2=" "><subfield code="z">(NjP)Voyager732467</subfield></datafield><datafield tag="035" ind1=" " ind2=" "><subfield code="a">(OCoLC)ocm22181319</subfield></datafield><datafield tag="040" ind1=" " ind2=" "><subfield code="a">DLC</subfield><subfield code="b">eng</subfield><subfield code="c">DLC</subfield><subfield code="d">DLC</subfield></datafield><datafield tag="041" ind1="1" ind2=" "><subfield code="a">eng</subfield><subfield code="h">fre</subfield></datafield><datafield tag="043" ind1=" " ind2=" "><subfield code="a">e-uk-en</subfield><subfield code="a">e-fr---</subfield><subfield code="a">e-be---</subfield></datafield><datafield tag="050" ind1="0" ind2="0"><subfield code="a">DA125.H84</subfield><subfield code="b">C66 1991</subfield></datafield><datafield tag="082" ind1="0" ind2="0"><subfield code="a">941/.008/8245</subfield><subfield code="2">20</subfield></datafield><datafield tag="100" ind1="1" ind2=" "><subfield code="a">Cottret, Bernard.</subfield><subfield code="0">http://id.loc.gov/authorities/names/n83228462</subfield></datafield><datafield tag="240" ind1="1" ind2="0"><subfield code="a">Terre d'exil.</subfield><subfield code="l">English</subfield></datafield><datafield tag="245" ind1="1" ind2="4"><subfield code="a">The Huguenots in England :</subfield><subfield code="b">immigration and settlement, c. 1550-1700 /</subfield><subfield code="c">Bernard Cottret ; translated by Peregrine and Adriana Stevenson with an afterword by Emmanuel Le Roy Ladurie.</subfield></datafield><datafield tag="260" ind1=" " ind2=" "><subfield code="a">Cambridge [England] ;</subfield><subfield code="a">New York :</subfield><subfield code="b">Cambridge University Press ;</subfield><subfield code="a">Paris :</subfield><subfield code="b">Editions de La Maison des Sciences de l'Homme,</subfield><subfield code="c">1991.</subfield></datafield><datafield tag="300" ind1=" " ind2=" "><subfield code="a">xii, 317 p. :</subfield><subfield code="b">ill., maps ;</subfield><subfield code="c">24 cm.</subfield></datafield><datafield tag="500" ind1=" " ind2=" "><subfield code="a">Translation and enlargement of: Terre d'exil.</subfield></datafield><datafield tag="504" ind1=" " ind2=" "><subfield code="a">Includes bibliographical references (p. [307]-310) and index.</subfield></datafield><datafield tag="650" ind1=" " ind2="0"><subfield code="a">Huguenots</subfield><subfield code="z">England</subfield><subfield code="x">History.</subfield></datafield><datafield tag="650" ind1=" " ind2="0"><subfield code="a">Immigrants</subfield><subfield code="z">England</subfield><subfield code="x">History</subfield><subfield code="y">17th century.</subfield></datafield><datafield tag="650" ind1=" " ind2="0"><subfield code="a">Immigrants</subfield><subfield code="z">England</subfield><subfield code="x">History</subfield><subfield code="y">16th century.</subfield></datafield><datafield tag="650" ind1=" " ind2="0"><subfield code="a">Walloons</subfield><subfield code="z">England</subfield><subfield code="x">History.</subfield></datafield><datafield tag="650" ind1=" " ind2="0"><subfield code="a">French</subfield><subfield code="z">England</subfield><subfield code="x">History.</subfield></datafield><datafield tag="911" ind1=" " ind2=" "><subfield code="a">19921028</subfield></datafield><datafield tag="912" ind1=" " ind2=" "><subfield code="a">19920716000000.0</subfield></datafield><datafield tag="914" ind1=" " ind2=" "><subfield code="a">(OCoLC)ocm22181319</subfield><subfield code="b">OCoLC</subfield><subfield code="c">match</subfield><subfield code="d">20240703</subfield><subfield code="e">processed</subfield><subfield code="f">22181319</subfield></datafield><datafield tag="998" ind1=" " ind2=" "><subfield code="a">07/16/92</subfield><subfield code="s">9110</subfield><subfield code="n">NjP</subfield><subfield code="w">DCLC9043066B</subfield><subfield code="d">07/16/92</subfield><subfield code="c">RPN</subfield><subfield code="b">MYP</subfield><subfield code="i">920716</subfield><subfield code="l">NJPG</subfield></datafield><datafield tag="950" ind1=" " ind2=" "><subfield code="c">2024-07-11 06:03:22 US/Eastern</subfield><subfield code="b">2021-07-12 16:41:03 US/Eastern</subfield><subfield code="a">false</subfield></datafield><datafield tag="852" ind1="0" ind2="0"><subfield code="b">recap</subfield><subfield code="c">pa</subfield><subfield code="h">DA125.H84</subfield><subfield code="i">C66 1991</subfield><subfield code="8">22570325100006421</subfield></datafield><datafield tag="952" ind1=" " ind2=" "><subfield code="a">2021-07-12 20:41:03</subfield><subfield code="8">22570325100006421</subfield><subfield code="b">ReCAP</subfield><subfield code="c">rcppa: RECAP</subfield><subfield code="e">false</subfield></datafield><datafield tag="876" ind1=" " ind2=" "><subfield code="0">22570325100006421</subfield><subfield code="j">0</subfield><subfield code="x">LOAN</subfield><subfield code="z">pa</subfield><subfield code="p">32101107001602</subfield><subfield code="t">1</subfield><subfield code="a">23570325090006421</subfield><subfield code="d">2000-06-12 20:00:00 US/Eastern</subfield><subfield code="q">2000-06-13 06:59:00 US/Eastern</subfield><subfield code="y">recap</subfield></datafield></record>