<record><leader>01343cam a2200301   4500</leader><controlfield tag="005">20240725044752.0</controlfield><controlfield tag="008">750514s1895    nyub          000 0 eng  </controlfield><controlfield tag="001">9926051063506421</controlfield><datafield tag="010" ind1=" " ind2=" "><subfield code="a">   04009156  </subfield></datafield><datafield tag="035" ind1=" " ind2=" "><subfield code="9">CMK1563TS</subfield></datafield><datafield tag="035" ind1=" " ind2=" "><subfield code="a">(NjP)2605106-princetondb</subfield></datafield><datafield tag="035" ind1=" " ind2=" "><subfield code="z">(NjP)Voyager2605106</subfield></datafield><datafield tag="035" ind1=" " ind2=" "><subfield code="a">(OCoLC)ocm01331189</subfield></datafield><datafield tag="040" ind1=" " ind2=" "><subfield code="a">DLC</subfield><subfield code="b">eng</subfield><subfield code="c">ORL</subfield><subfield code="d">OCL</subfield><subfield code="d">PUL</subfield></datafield><datafield tag="050" ind1="0" ind2=" "><subfield code="a">DC111</subfield><subfield code="b">.B265</subfield></datafield><datafield tag="082" ind1=" " ind2=" "><subfield code="a">3912</subfield></datafield><datafield tag="100" ind1="1" ind2=" "><subfield code="a">Baird, Henry Martyn,</subfield><subfield code="d">1832-1906.</subfield><subfield code="0">http://id.loc.gov/authorities/names/n85025939</subfield></datafield><datafield tag="245" ind1="0" ind2="4"><subfield code="a">The Huguenots and the revocation of the Edict of Nantes,</subfield><subfield code="c">by Henry M. Baird...</subfield></datafield><datafield tag="260" ind1=" " ind2=" "><subfield code="a">New York,</subfield><subfield code="b">C. Scribner's sons,</subfield><subfield code="c">1895.</subfield></datafield><datafield tag="300" ind1=" " ind2=" "><subfield code="a">2 v.</subfield><subfield code="b">fronts. (v.1: fold. map) fold. map.</subfield><subfield code="c">23 cm.</subfield></datafield><datafield tag="500" ind1=" " ind2=" "><subfield code="a">Conclusion of the narrative begun in the author's "Rise of the Huguenots" and continued in his "Huguenots and Henry of Navarre".</subfield></datafield><datafield tag="650" ind1=" " ind2="0"><subfield code="a">Huguenots.</subfield><subfield code="0">http://id.loc.gov/authorities/subjects/sh85062809</subfield></datafield><datafield tag="610" ind1="1" ind2="0"><subfield code="a">France.</subfield><subfield code="t">Edit de Nantes</subfield><subfield code="0">http://id.loc.gov/authorities/names/n85126553</subfield></datafield><datafield tag="651" ind1=" " ind2="0"><subfield code="a">France</subfield><subfield code="x">History</subfield><subfield code="y">Bourbons, 1589-1789.</subfield><subfield code="0">http://id.loc.gov/authorities/subjects/sh85051301</subfield></datafield><datafield tag="852" ind1="0" ind2=" "><subfield code="b">f</subfield><subfield code="h">DC111</subfield><subfield code="i">.B265 1895</subfield><subfield code="p">2912660</subfield><subfield code="x">reclassed from: 1509.159.142</subfield></datafield><datafield tag="911" ind1=" " ind2=" "><subfield code="a">19991112</subfield></datafield><datafield tag="914" ind1=" " ind2=" "><subfield code="a">(OCoLC)ocm01331189</subfield><subfield code="b">OCoLC</subfield><subfield code="c">match</subfield><subfield code="d">20240717</subfield><subfield code="e">processed</subfield><subfield code="f">1331189</subfield></datafield><datafield tag="945" ind1=" " ind2=" "><subfield code="a">F</subfield><subfield code="b">1</subfield><subfield code="c">1509.159.142</subfield><subfield code="e">v.1-2</subfield></datafield><datafield tag="950" ind1=" " ind2=" "><subfield code="c">2024-07-25 04:47:52 US/Eastern</subfield><subfield code="b">2021-07-13 04:10:55 US/Eastern</subfield><subfield code="a">false</subfield></datafield><datafield tag="852" ind1="0" ind2="1"><subfield code="b">recap</subfield><subfield code="c">pa</subfield><subfield code="h">DC111</subfield><subfield code="i">.B265 1895</subfield><subfield code="8">22694747450006421</subfield></datafield><datafield tag="866" ind1=" " ind2="0"><subfield code="a">v.1-2</subfield><subfield code="8">22694747450006421</subfield></datafield><datafield tag="952" ind1=" " ind2=" "><subfield code="a">2021-07-13 08:10:55</subfield><subfield code="8">22694747450006421</subfield><subfield code="b">ReCAP</subfield><subfield code="c">rcppa: RECAP</subfield><subfield code="e">false</subfield></datafield><datafield tag="876" ind1=" " ind2=" "><subfield code="0">22694747450006421</subfield><subfield code="j">0</subfield><subfield code="x">LOAN</subfield><subfield code="z">pa</subfield><subfield code="p">32101080835851</subfield><subfield code="t">1</subfield><subfield code="a">23694747430006421</subfield><subfield code="3">vol.2</subfield><subfield code="d">2009-02-26 19:00:00 US/Eastern</subfield><subfield code="q">2009-02-27 05:59:00 US/Eastern</subfield><subfield code="y">recap</subfield></datafield><datafield tag="876" ind1=" " ind2=" "><subfield code="0">22694747450006421</subfield><subfield code="j">0</subfield><subfield code="x">LOAN</subfield><subfield code="z">pa</subfield><subfield code="p">32101080835844</subfield><subfield code="t">1</subfield><subfield code="a">23694747440006421</subfield><subfield code="3">vol.1</subfield><subfield code="d">2009-02-26 19:00:00 US/Eastern</subfield><subfield code="q">2009-02-27 05:59:00 US/Eastern</subfield><subfield code="y">recap</subfield></datafield></record>