<record><leader>01570cam a22003973i 4500</leader><controlfield tag="005">20230526202814.0</controlfield><controlfield tag="008">221104s2022    tu            000 0 eng d</controlfield><controlfield tag="001">99127099098306421</controlfield><datafield tag="020" ind1=" " ind2=" "><subfield code="a">9786257548540</subfield></datafield><datafield tag="020" ind1=" " ind2=" "><subfield code="a">6257548543</subfield></datafield><datafield tag="035" ind1=" " ind2=" "><subfield code="a">(OCoLC)on1357187051</subfield></datafield><datafield tag="040" ind1=" " ind2=" "><subfield code="a">STF</subfield><subfield code="b">eng</subfield><subfield code="e">rda</subfield><subfield code="c">STF</subfield><subfield code="d">STF</subfield><subfield code="d">INU</subfield></datafield><datafield tag="050" ind1=" " ind2="4"><subfield code="a">HC495.E44</subfield><subfield code="b">A42313 2022</subfield></datafield><datafield tag="100" ind1="1" ind2=" "><subfield code="a">Albayrak, Berat,</subfield><subfield code="d">1978-</subfield><subfield code="e">author.</subfield></datafield><datafield tag="240" ind1="1" ind2="0"><subfield code="a">Burası çok önemli.</subfield><subfield code="l">English</subfield></datafield><datafield tag="245" ind1="1" ind2="0"><subfield code="a">This is Türkiye :</subfield><subfield code="b">on the verge of energy and economic independence /</subfield><subfield code="c">Berat Albayrak.</subfield></datafield><datafield tag="246" ind1="1" ind2="3"><subfield code="a">This is Turkey</subfield></datafield><datafield tag="250" ind1=" " ind2=" "><subfield code="a">First edition.</subfield></datafield><datafield tag="264" ind1=" " ind2="1"><subfield code="a">İstanbul :</subfield><subfield code="b">Turkuvaz Kitap,</subfield><subfield code="c">2022</subfield></datafield><datafield tag="300" ind1=" " ind2=" "><subfield code="a">302 pages ;</subfield><subfield code="c">21 cm</subfield></datafield><datafield tag="336" ind1=" " ind2=" "><subfield code="a">text</subfield><subfield code="2">rdacontent</subfield></datafield><datafield tag="337" ind1=" " ind2=" "><subfield code="a">unmediated</subfield><subfield code="2">rdamedia</subfield></datafield><datafield tag="338" ind1=" " ind2=" "><subfield code="a">volume</subfield><subfield code="2">rdacarrier</subfield></datafield><datafield tag="500" ind1=" " ind2=" "><subfield code="a">Translation of: Burası çok önemli : enerjiden ekonomiye tam bağımsız Türkiye.</subfield></datafield><datafield tag="650" ind1=" " ind2="0"><subfield code="a">Economic development</subfield><subfield code="z">Turkey.</subfield></datafield><datafield tag="650" ind1=" " ind2="0"><subfield code="a">Power resources</subfield><subfield code="x">Economic aspects</subfield><subfield code="z">Turkey.</subfield></datafield><datafield tag="650" ind1=" " ind2="0"><subfield code="a">Financial institutions</subfield><subfield code="x">Government policy</subfield><subfield code="z">Turkey.</subfield></datafield><datafield tag="650" ind1=" " ind2="7"><subfield code="a">Economic development.</subfield><subfield code="2">fast</subfield><subfield code="0">(OCoLC)fst00901785</subfield></datafield><datafield tag="650" ind1=" " ind2="7"><subfield code="a">Power resources</subfield><subfield code="x">Economic aspects.</subfield><subfield code="2">fast</subfield><subfield code="0">(OCoLC)fst01074294</subfield></datafield><datafield tag="650" ind1=" " ind2="7"><subfield code="a">Financial institutions</subfield><subfield code="x">Government policy.</subfield><subfield code="2">fast</subfield><subfield code="0">(OCoLC)fst00924661</subfield></datafield><datafield tag="651" ind1=" " ind2="7"><subfield code="a">Turkey.</subfield><subfield code="2">fast</subfield><subfield code="0">(OCoLC)fst01208963</subfield></datafield><datafield tag="655" ind1=" " ind2="7"><subfield code="a">Translations.</subfield><subfield code="2">fast</subfield><subfield code="0">(OCoLC)fst01423791</subfield></datafield><datafield tag="902" ind1=" " ind2=" "><subfield code="a">960031268</subfield><subfield code="w">copy</subfield><subfield code="1">20230505160756.0</subfield></datafield><datafield tag="914" ind1=" " ind2=" "><subfield code="a">(OCoLC)on1357187051</subfield><subfield code="b">OCoLC</subfield><subfield code="c">match</subfield><subfield code="d">20230526</subfield><subfield code="e">processed</subfield><subfield code="f">1357187051</subfield></datafield><datafield tag="960" ind1=" " ind2=" "><subfield code="f">25</subfield></datafield><datafield tag="980" ind1=" " ind2=" "><subfield code="a">IS12023141</subfield></datafield><datafield tag="950" ind1=" " ind2=" "><subfield code="c">2024-09-12 06:07:42 US/Eastern</subfield><subfield code="b">2023-03-29 14:59:44 US/Eastern</subfield><subfield code="a">false</subfield></datafield><datafield tag="852" ind1="0" ind2=" "><subfield code="b">recap</subfield><subfield code="c">pa</subfield><subfield code="h">HC495.E44</subfield><subfield code="i">A42313 2022</subfield><subfield code="8">22966852090006421</subfield></datafield><datafield tag="952" ind1=" " ind2=" "><subfield code="d">2023-05-05 20:09:22</subfield><subfield code="8">22966852090006421</subfield><subfield code="a">2023-03-29 19:00:55</subfield><subfield code="b">ReCAP</subfield><subfield code="c">rcppa: RECAP</subfield><subfield code="e">false</subfield></datafield><datafield tag="876" ind1=" " ind2=" "><subfield code="0">22966852090006421</subfield><subfield code="j">0</subfield><subfield code="x">ILL</subfield><subfield code="z">IN_RS_REQ</subfield><subfield code="p">32101116519693</subfield><subfield code="a">23966852080006421</subfield><subfield code="d">2023-03-29 15:00:55 US/Eastern</subfield><subfield code="q">2023-05-08 09:02:00 US/Eastern</subfield><subfield code="y">RES_SHARE</subfield></datafield></record>