<record><leader>00826cam a22002415  4500</leader><controlfield tag="005">20260304212010.0</controlfield><controlfield tag="008">990831s1767    enk           000 0 eng d</controlfield><controlfield tag="001">9926384963506421</controlfield><datafield tag="035" ind1=" " ind2=" "><subfield code="9">CMP7424TS</subfield></datafield><datafield tag="035" ind1=" " ind2=" "><subfield code="a">(NjP)2638496-princetondb</subfield></datafield><datafield tag="035" ind1=" " ind2=" "><subfield code="a">(OCoLC)ocm42268797</subfield></datafield><datafield tag="035" ind1=" " ind2=" "><subfield code="z">(NjP)Voyager2638496</subfield></datafield><datafield tag="040" ind1=" " ind2=" "><subfield code="a">PUL</subfield><subfield code="b">eng</subfield><subfield code="c">PUL</subfield></datafield><datafield tag="100" ind1="1" ind2=" "><subfield code="a">Caswall, George,</subfield><subfield code="d">1722?-</subfield><subfield code="0">http://id.loc.gov/authorities/names/nr91017322</subfield></datafield><datafield tag="245" ind1="1" ind2="4"><subfield code="a">The trifler;</subfield><subfield code="b">A satire, inscribed to Lord -</subfield><subfield code="c">by George Caswall.</subfield></datafield><datafield tag="260" ind1=" " ind2=" "><subfield code="a">London,</subfield><subfield code="b">Printed for W. Flexney,</subfield><subfield code="c">1767.</subfield></datafield><datafield tag="300" ind1=" " ind2=" "><subfield code="a">[4], 23, [1] p.</subfield><subfield code="c">26.5 cm.</subfield></datafield><datafield tag="500" ind1=" " ind2=" "><subfield code="a">With a half-title.</subfield></datafield><datafield tag="510" ind1="4" ind2=" "><subfield code="a">ESTC</subfield><subfield code="c">T125137</subfield></datafield><datafield tag="561" ind1=" " ind2=" "><subfield code="3">Ex copy:</subfield><subfield code="a">Inscribed on title page in contemp. ms. 'Finch'</subfield><subfield code="5">NjP</subfield></datafield><datafield tag="590" ind1=" " ind2=" "><subfield code="a">No. 4 of a volume of pamphlets.</subfield></datafield><datafield tag="911" ind1=" " ind2=" "><subfield code="a">19991112</subfield></datafield><datafield tag="945" ind1=" " ind2=" "><subfield code="a">EX</subfield><subfield code="b">1</subfield><subfield code="c">3598.999 v.17</subfield></datafield><datafield tag="950" ind1=" " ind2=" "><subfield code="c">2026-03-04 21:20:10 US/Eastern</subfield><subfield code="b">2021-07-12 09:41:26 US/Eastern</subfield><subfield code="a">false</subfield></datafield><datafield tag="852" ind1="8" ind2="0"><subfield code="b">rare</subfield><subfield code="c">ex</subfield><subfield code="h">3598.999 v.17</subfield><subfield code="8">22494307840006421</subfield></datafield><datafield tag="952" ind1=" " ind2=" "><subfield code="a">2021-07-12 13:41:26</subfield><subfield code="8">22494307840006421</subfield><subfield code="b">Special Collections</subfield><subfield code="c">ex: Rare Books</subfield><subfield code="e">false</subfield></datafield></record>