<record><leader>03221cam a2200409Ii 4500</leader><controlfield tag="005">20240711102924.0</controlfield><controlfield tag="008">191209t20202020nyua          001 0 eng d</controlfield><controlfield tag="001">99120690313506421</controlfield><datafield tag="019" ind1=" " ind2=" "><subfield code="a">1158186000</subfield></datafield><datafield tag="020" ind1=" " ind2=" "><subfield code="a">9781635766592</subfield><subfield code="q">(hardcover)</subfield></datafield><datafield tag="020" ind1=" " ind2=" "><subfield code="a">1635766591</subfield><subfield code="q">(hardcover)</subfield></datafield><datafield tag="035" ind1=" " ind2=" "><subfield code="a">(NjP)12069031-princetondb</subfield></datafield><datafield tag="035" ind1=" " ind2=" "><subfield code="z">(OCoLC)1158186000</subfield></datafield><datafield tag="035" ind1=" " ind2=" "><subfield code="z">(NjP)Voyager12069031</subfield></datafield><datafield tag="035" ind1=" " ind2=" "><subfield code="z">(NjP)Voyager12069031</subfield></datafield><datafield tag="035" ind1=" " ind2=" "><subfield code="a">(OCoLC)on1134531314</subfield></datafield><datafield tag="040" ind1=" " ind2=" "><subfield code="a">TOH</subfield><subfield code="b">eng</subfield><subfield code="e">rda</subfield><subfield code="c">TOH</subfield><subfield code="d">BDX</subfield><subfield code="d">GK8</subfield><subfield code="d">ZQP</subfield><subfield code="d">ABJ</subfield><subfield code="d">OCLCF</subfield><subfield code="d">CLE</subfield></datafield><datafield tag="050" ind1=" " ind2="4"><subfield code="a">GV877</subfield><subfield code="b">.R55 2020</subfield></datafield><datafield tag="092" ind1=" " ind2=" "><subfield code="a">796.357</subfield></datafield><datafield tag="100" ind1="1" ind2=" "><subfield code="a">Ripken, Bill,</subfield><subfield code="e">author.</subfield><subfield code="0">http://id.loc.gov/authorities/names/n2003116481</subfield></datafield><datafield tag="245" ind1="1" ind2="0"><subfield code="a">State of play :</subfield><subfield code="b">the old school guide to new school baseball /</subfield><subfield code="c">Bill Ripken.</subfield></datafield><datafield tag="250" ind1=" " ind2=" "><subfield code="a">First Diversion Books edition.</subfield></datafield><datafield tag="264" ind1=" " ind2="1"><subfield code="a">New York :</subfield><subfield code="b">Diversion Books,</subfield><subfield code="c">2020.</subfield></datafield><datafield tag="264" ind1=" " ind2="4"><subfield code="c">©2020</subfield></datafield><datafield tag="300" ind1=" " ind2=" "><subfield code="a">xxix, 209 pages :</subfield><subfield code="b">illustrations ;</subfield><subfield code="c">24 cm</subfield></datafield><datafield tag="336" ind1=" " ind2=" "><subfield code="a">text</subfield><subfield code="b">txt</subfield><subfield code="2">rdacontent</subfield></datafield><datafield tag="337" ind1=" " ind2=" "><subfield code="a">unmediated</subfield><subfield code="b">n</subfield><subfield code="2">rdamedia</subfield></datafield><datafield tag="338" ind1=" " ind2=" "><subfield code="a">volume</subfield><subfield code="b">nc</subfield><subfield code="2">rdacarrier</subfield></datafield><datafield tag="520" ind1=" " ind2=" "><subfield code="a">"Advanced statistics and new terminology have taken hold of baseball today, but do they accurately reflect the reality of the game? A baseball lifer states his case. America's favorite pastime is enduring an assault of new thoughts and ideas. In recent years, the sabermetrics and analytics craze has infiltrated Major League Baseball -- from its front offices to dugouts to clubhouses to media covering both, inciting a baseball culture war. New phrases like 'launch angle,' 'spin rate,' and 'pitch framing' have entered the vocabulary, often with little real meaning when it comes to how the game is actually played on the field. No more. In State of Play, twelve-year Major League veteran, Emmy Award-winning MLB Network analyst, and bestselling author Bill Ripken breaks down these modern statistical methods to explain which ones make sense in the game's historical context, bringing them together with proven old-school strategies. He simplifies those sabermetric terms hastily added to the baseball lexicon without being fully realized, taking new-school confusion out of old-school baseball's tried-and-true common sense. In the end, he unites the teachings of each school to show fans of both how to listen to and understand the game as it's played today and how it should be played moving forward. From a true baseball lifer and member of baseball's first family, State of Play offers a fascinating insider's look at how to reconcile years of historical tradition with the rules and trends of the new millennium. As Ripken sees it: the game inside the game cannot be measured by a spreadsheet -- but it can be measured by a qualified, crusty baseball man. Play ball." --</subfield><subfield code="c">From publisher's description.</subfield></datafield><datafield tag="500" ind1=" " ind2=" "><subfield code="a">Includes index.</subfield></datafield><datafield tag="650" ind1=" " ind2="0"><subfield code="a">Baseball.</subfield><subfield code="0">http://id.loc.gov/authorities/subjects/sh85012026</subfield></datafield><datafield tag="650" ind1=" " ind2="0"><subfield code="a">Baseball</subfield><subfield code="x">Statistical methods.</subfield></datafield><datafield tag="650" ind1=" " ind2="0"><subfield code="a">Baseball</subfield><subfield code="x">Mathematical models.</subfield></datafield><datafield tag="650" ind1=" " ind2="7"><subfield code="a">Baseball.</subfield><subfield code="2">fast</subfield><subfield code="0">(OCoLC)fst00827904</subfield></datafield><datafield tag="650" ind1=" " ind2="7"><subfield code="a">Baseball</subfield><subfield code="x">Statistical methods.</subfield><subfield code="2">fast</subfield><subfield code="0">(OCoLC)fst00827954</subfield></datafield><datafield tag="902" ind1=" " ind2=" "><subfield code="a">dls</subfield><subfield code="b">l</subfield><subfield code="6">a</subfield><subfield code="7">m</subfield><subfield code="d">v</subfield><subfield code="f">1</subfield><subfield code="e">20200904</subfield></datafield><datafield tag="914" ind1=" " ind2=" "><subfield code="a">(OCoLC)on1134531314</subfield><subfield code="b">OCoLC</subfield><subfield code="c">match</subfield><subfield code="d">20240703</subfield><subfield code="e">processed</subfield><subfield code="f">1134531314</subfield></datafield><datafield tag="950" ind1=" " ind2=" "><subfield code="c">2024-07-11 10:29:24 US/Eastern</subfield><subfield code="b">2021-07-13 09:05:00 US/Eastern</subfield><subfield code="a">false</subfield></datafield><datafield tag="852" ind1="0" ind2=" "><subfield code="b">recap</subfield><subfield code="c">pa</subfield><subfield code="h">GV877</subfield><subfield code="i">.R55 2020</subfield><subfield code="8">22747625130006421</subfield></datafield><datafield tag="952" ind1=" " ind2=" "><subfield code="d">2022-04-12 19:12:05</subfield><subfield code="8">22747625130006421</subfield><subfield code="a">2021-07-13 13:05:00</subfield><subfield code="b">ReCAP</subfield><subfield code="c">rcppa: RECAP</subfield><subfield code="e">false</subfield></datafield><datafield tag="876" ind1=" " ind2=" "><subfield code="0">22747625130006421</subfield><subfield code="j">0</subfield><subfield code="x">ILL</subfield><subfield code="z">IN_RS_REQ</subfield><subfield code="p">32101109020253</subfield><subfield code="t">1</subfield><subfield code="a">23747625120006421</subfield><subfield code="d">2020-09-03 20:00:00 US/Eastern</subfield><subfield code="q">2020-09-04 15:12:05 US/Eastern</subfield><subfield code="y">RES_SHARE</subfield></datafield></record>