<record><leader>01569cam a2200409 a 4500</leader><controlfield tag="005">20240711061109.0</controlfield><controlfield tag="008">020823s2003    enk      b    001 0 eng  </controlfield><controlfield tag="001">9939796163506421</controlfield><datafield tag="010" ind1=" " ind2=" "><subfield code="a">  2002026951</subfield></datafield><datafield tag="019" ind1=" " ind2=" "><subfield code="a">50746846</subfield><subfield code="a">52145490</subfield><subfield code="a">1022683691</subfield></datafield><datafield tag="020" ind1=" " ind2=" "><subfield code="a">0333997433</subfield></datafield><datafield tag="035" ind1=" " ind2=" "><subfield code="a">(CStRLIN)DCLC2002026951-B</subfield></datafield><datafield tag="035" ind1=" " ind2=" "><subfield code="a">(MiU)notisBBV3611</subfield></datafield><datafield tag="035" ind1=" " ind2=" "><subfield code="a">(III)iiio41909987</subfield></datafield><datafield tag="035" ind1=" " ind2=" "><subfield code="a">(CStRLIN)MIUGBBV3611-B</subfield></datafield><datafield tag="035" ind1=" " ind2=" "><subfield code="a">(NjP)3979616-princetondb</subfield></datafield><datafield tag="035" ind1=" " ind2=" "><subfield code="z">(OCoLC)50746846</subfield><subfield code="z">(OCoLC)52145490</subfield><subfield code="z">(OCoLC)1022683691</subfield></datafield><datafield tag="035" ind1=" " ind2=" "><subfield code="z">(NjP)Voyager3979616</subfield></datafield><datafield tag="035" ind1=" " ind2=" "><subfield code="a">(OCoLC)ocm50244051</subfield></datafield><datafield tag="040" ind1=" " ind2=" "><subfield code="a">DLC</subfield><subfield code="b">eng</subfield><subfield code="c">DLC</subfield><subfield code="d">DLC</subfield><subfield code="d">NjP</subfield></datafield><datafield tag="042" ind1=" " ind2=" "><subfield code="a">pcc</subfield></datafield><datafield tag="050" ind1="0" ind2="0"><subfield code="a">HQ76</subfield><subfield code="b">.L78 2003</subfield></datafield><datafield tag="082" ind1="0" ind2="0"><subfield code="a">305.38/9664</subfield><subfield code="2">21</subfield></datafield><datafield tag="245" ind1="0" ind2="0"><subfield code="a">Love, sex, intimacy, and friendship between men, 1550-1800 /</subfield><subfield code="c">edited by Katherine O'Donnell and Michael O'Rourke.</subfield></datafield><datafield tag="260" ind1=" " ind2=" "><subfield code="a">Houndmills, Basingstoke, Hampshire ;</subfield><subfield code="a">New York :</subfield><subfield code="b">Palgrave Macmillan,</subfield><subfield code="c">2003.</subfield></datafield><datafield tag="300" ind1=" " ind2=" "><subfield code="a">xiv, 206 p. ;</subfield><subfield code="c">22 cm.</subfield></datafield><datafield tag="504" ind1=" " ind2=" "><subfield code="a">Includes bibliographical references and index.</subfield></datafield><datafield tag="650" ind1=" " ind2="0"><subfield code="a">Gay men</subfield><subfield code="x">History.</subfield></datafield><datafield tag="650" ind1=" " ind2="0"><subfield code="a">Male friendship</subfield><subfield code="x">History.</subfield></datafield><datafield tag="700" ind1="1" ind2=" "><subfield code="a">O'Donnell, Katherine.</subfield><subfield code="0">http://id.loc.gov/authorities/names/n84121448</subfield></datafield><datafield tag="700" ind1="1" ind2=" "><subfield code="a">O'Rourke, Michael.</subfield><subfield code="0">http://id.loc.gov/authorities/names/n83153787</subfield></datafield><datafield tag="902" ind1=" " ind2=" "><subfield code="a">rph</subfield><subfield code="b">l</subfield><subfield code="6">a</subfield><subfield code="7">m</subfield><subfield code="d">v</subfield><subfield code="f">1</subfield><subfield code="e">20040618</subfield></datafield><datafield tag="904" ind1=" " ind2=" "><subfield code="a">msw</subfield><subfield code="b">o</subfield><subfield code="h">m</subfield><subfield code="c">b</subfield><subfield code="e">20030924</subfield></datafield><datafield tag="914" ind1=" " ind2=" "><subfield code="a">(OCoLC)ocm50244051</subfield><subfield code="b">OCoLC</subfield><subfield code="c">match</subfield><subfield code="d">20240710</subfield><subfield code="e">processed</subfield><subfield code="f">50244051</subfield></datafield><datafield tag="956" ind1="4" ind2="2"><subfield code="3">Publisher description</subfield><subfield code="u">http://www.loc.gov/catdir/description/hol031/2002026951.html</subfield></datafield><datafield tag="998" ind1=" " ind2=" "><subfield code="s">9410</subfield></datafield><datafield tag="999" ind1=" " ind2=" "><subfield code="a">3979616</subfield></datafield><datafield tag="950" ind1=" " ind2=" "><subfield code="c">2024-07-11 06:11:09 US/Eastern</subfield><subfield code="b">2021-07-13 04:01:16 US/Eastern</subfield><subfield code="a">false</subfield></datafield><datafield tag="852" ind1="0" ind2=" "><subfield code="b">firestone</subfield><subfield code="c">stacks</subfield><subfield code="h">HQ76</subfield><subfield code="i">.L78 2003</subfield><subfield code="8">22692998010006421</subfield></datafield><datafield tag="952" ind1=" " ind2=" "><subfield code="a">2021-07-13 08:01:16</subfield><subfield code="8">22692998010006421</subfield><subfield code="b">Firestone Library</subfield><subfield code="c">stacks: Firestone Library</subfield><subfield code="e">false</subfield></datafield><datafield tag="876" ind1=" " ind2=" "><subfield code="0">22692998010006421</subfield><subfield code="j">1</subfield><subfield code="z">stacks</subfield><subfield code="p">32101043468865</subfield><subfield code="t">1</subfield><subfield code="a">23692998000006421</subfield><subfield code="d">2003-12-29 19:00:00 US/Eastern</subfield><subfield code="q">2003-12-30 05:59:00 US/Eastern</subfield><subfield code="y">firestone</subfield></datafield></record>