<record><leader>03600cam a2200625 i 4500</leader><controlfield tag="005">20260304195452.0</controlfield><controlfield tag="008">250331t20252025mnuab    bq   001 0 eng  </controlfield><controlfield tag="001">99131687959206421</controlfield><datafield tag="010" ind1=" " ind2=" "><subfield code="a">  2024062213</subfield></datafield><datafield tag="020" ind1=" " ind2=" "><subfield code="a">9781517918262</subfield></datafield><datafield tag="020" ind1=" " ind2=" "><subfield code="a">9781517918279</subfield><subfield code="q">paperback</subfield><subfield code="q">acid-free paper</subfield></datafield><datafield tag="020" ind1=" " ind2=" "><subfield code="a">1517918278</subfield><subfield code="q">paperback</subfield><subfield code="q">acid-free paper</subfield></datafield><datafield tag="020" ind1=" " ind2=" "><subfield code="a">151791826X</subfield><subfield code="q">library binding</subfield><subfield code="q">acid-free paper</subfield></datafield><datafield tag="020" ind1=" " ind2=" "><subfield code="z">9781452973364</subfield><subfield code="q">electronic book</subfield></datafield><datafield tag="035" ind1=" " ind2=" "><subfield code="a">(OCoLC)1461832053</subfield></datafield><datafield tag="035" ind1=" " ind2=" "><subfield code="a">(OCoLC)on1461832053</subfield></datafield><datafield tag="040" ind1=" " ind2=" "><subfield code="a">DLC</subfield><subfield code="b">eng</subfield><subfield code="e">rda</subfield><subfield code="c">DLC</subfield><subfield code="d">OCLCO</subfield><subfield code="d">IG#</subfield><subfield code="d">YDX</subfield><subfield code="d">UBY</subfield></datafield><datafield tag="042" ind1=" " ind2=" "><subfield code="a">pcc</subfield></datafield><datafield tag="043" ind1=" " ind2=" "><subfield code="a">u-at---</subfield></datafield><datafield tag="050" ind1="0" ind2="0"><subfield code="a">PN1998.3.M6646</subfield><subfield code="b">L46 2025</subfield></datafield><datafield tag="082" ind1="0" ind2="0"><subfield code="a">070.1/8</subfield><subfield code="2">23/eng/20250422</subfield></datafield><datafield tag="100" ind1="1" ind2=" "><subfield code="a">Lempert, William,</subfield><subfield code="d">1985-</subfield><subfield code="e">author.</subfield><subfield code="4">aut</subfield><subfield code="4">http://id.loc.gov/vocabulary/relators/aut</subfield><subfield code="1">http://id.loc.gov/rwo/agents/n2025014447</subfield></datafield><datafield tag="245" ind1="1" ind2="0"><subfield code="a">Dreaming down the track :</subfield><subfield code="b">awakenings in aboriginal cinema /</subfield><subfield code="c">William Lempert.</subfield></datafield><datafield tag="264" ind1=" " ind2="1"><subfield code="a">Minneapolis :</subfield><subfield code="b">University of Minnesota Press,</subfield><subfield code="c">[2025]</subfield></datafield><datafield tag="264" ind1=" " ind2="4"><subfield code="c">©2025</subfield></datafield><datafield tag="300" ind1=" " ind2=" "><subfield code="a">290 pages :</subfield><subfield code="b">illustrations, maps ;</subfield><subfield code="c">22 cm</subfield></datafield><datafield tag="334" ind1=" " ind2=" "><subfield code="a">single unit</subfield><subfield code="b">mono</subfield><subfield code="0">http://id.loc.gov/vocabulary/issuance/mono</subfield></datafield><datafield tag="336" ind1=" " ind2=" "><subfield code="a">text</subfield><subfield code="b">txt</subfield><subfield code="2">rdacontent</subfield><subfield code="0">http://id.loc.gov/vocabulary/contentTypes/txt</subfield></datafield><datafield tag="337" ind1=" " ind2=" "><subfield code="a">unmediated</subfield><subfield code="b">n</subfield><subfield code="2">rdamedia</subfield><subfield code="0">http://id.loc.gov/vocabulary/mediaTypes/n</subfield></datafield><datafield tag="338" ind1=" " ind2=" "><subfield code="a">volume</subfield><subfield code="b">nc</subfield><subfield code="2">rdacarrier</subfield><subfield code="0">http://id.loc.gov/vocabulary/carriers/nc</subfield></datafield><datafield tag="353" ind1=" " ind2=" "><subfield code="a">bibliography</subfield><subfield code="b">bibliography</subfield><subfield code="0">http://id.loc.gov/vocabulary/msupplcont/bibliography</subfield></datafield><datafield tag="353" ind1=" " ind2=" "><subfield code="a">index</subfield><subfield code="b">index</subfield><subfield code="0">http://id.loc.gov/vocabulary/msupplcont/index</subfield></datafield><datafield tag="504" ind1=" " ind2=" "><subfield code="a">Includes bibliographical references (pages 259-272), filmographies (pages 273-274) and index.</subfield></datafield><datafield tag="505" ind1="0" ind2="0"><subfield code="g">Introduction : awakenings --</subfield><subfield code="t">The first film, the last generation --</subfield><subfield code="t">Laughing with the camera --</subfield><subfield code="t">Social editing and screening --</subfield><subfield code="t">Fires, tires, and paper --</subfield><subfield code="t">After-images --</subfield><subfield code="t">The visibility paradox --</subfield><subfield code="g">Conclusion : twilights.</subfield></datafield><datafield tag="520" ind1=" " ind2=" "><subfield code="a">"The product of years of embedded fieldwork within Indigenous film crews in Northwestern Australia, Dreaming Down the Track delves deeply into Aboriginal cinema as a transformative community process. Engaging the film career of Kukatja elder Mark Moora, William Lempert demonstrates the impact of filmmaking on how Aboriginal futures are collectively imagined and called forth"-- Provided by publisher.</subfield></datafield><datafield tag="600" ind1="1" ind2="0"><subfield code="a">Moora, Mark,</subfield><subfield code="d">-2020</subfield><subfield code="x">Criticism and interpretation.</subfield></datafield><datafield tag="650" ind1=" " ind2="0"><subfield code="a">Documentary films</subfield><subfield code="z">Australia</subfield><subfield code="x">History and criticism.</subfield></datafield><datafield tag="650" ind1=" " ind2="0"><subfield code="a">Documentary films</subfield><subfield code="x">Social aspects</subfield><subfield code="z">Australia.</subfield></datafield><datafield tag="650" ind1=" " ind2="0"><subfield code="a">Aboriginal Australians in motion pictures.</subfield></datafield><datafield tag="650" ind1=" " ind2="0"><subfield code="a">Future, The, in motion pictures.</subfield></datafield><datafield tag="650" ind1=" " ind2="6"><subfield code="a">Documentaires</subfield><subfield code="z">Australie</subfield><subfield code="x">Histoire et critique.</subfield></datafield><datafield tag="650" ind1=" " ind2="6"><subfield code="a">Australiens (Aborigènes) au cinéma.</subfield></datafield><datafield tag="650" ind1=" " ind2="6"><subfield code="a">Futur au cinéma.</subfield></datafield><datafield tag="655" ind1=" " ind2="7"><subfield code="a">Film criticism.</subfield><subfield code="2">lcgft</subfield></datafield><datafield tag="758" ind1=" " ind2=" "><subfield code="1">http://id.loc.gov/resources/instances/24132492</subfield></datafield><datafield tag="758" ind1=" " ind2=" "><subfield code="4">http://id.loc.gov/ontologies/bibframe/instanceOf</subfield><subfield code="1">http://id.loc.gov/resources/works/24132492</subfield></datafield><datafield tag="776" ind1="0" ind2="8"><subfield code="i">Online version</subfield><subfield code="4">http://id.loc.gov/entities/relationships/onlineversion</subfield><subfield code="a">Lempert, William, 1985-</subfield><subfield code="t">Dreaming down the track</subfield><subfield code="d">Minneapolis : University of Minnesota Press, 2025</subfield><subfield code="z">9781452973364</subfield><subfield code="w">(DLC)  2024062214</subfield></datafield><datafield tag="884" ind1=" " ind2=" "><subfield code="a">DLC bibframe2marc v2.10-dev</subfield><subfield code="g">20250331</subfield><subfield code="q">DLC</subfield><subfield code="u">https://github.com/lcnetdev/bibframe2marc/releases/tag/v2.10-dev</subfield></datafield><datafield tag="902" ind1=" " ind2=" "><subfield code="a">010002796</subfield><subfield code="w">copy</subfield><subfield code="1">20220101.0</subfield></datafield><datafield tag="910" ind1=" " ind2=" "><subfield code="c">78E9994</subfield><subfield code="d">3110-10</subfield><subfield code="g">YBP</subfield></datafield><datafield tag="960" ind1=" " ind2=" "><subfield code="o">1</subfield><subfield code="z">USD</subfield></datafield><datafield tag="961" ind1=" " ind2=" "><subfield code="f">SAK</subfield><subfield code="m">311010</subfield><subfield code="n">Cloth</subfield></datafield><datafield tag="980" ind1=" " ind2=" "><subfield code="a">21280628</subfield><subfield code="i">108.00</subfield></datafield><datafield tag="982" ind1=" " ind2=" "><subfield code="c">f</subfield></datafield><datafield tag="984" ind1=" " ind2=" "><subfield code="a">20251124</subfield><subfield code="b">105752</subfield><subfield code="c">YBP-US</subfield></datafield><datafield tag="950" ind1=" " ind2=" "><subfield code="c">2026-03-04 19:54:52 US/Eastern</subfield><subfield code="b">2025-11-26 09:17:04 US/Eastern</subfield><subfield code="a">false</subfield></datafield><datafield tag="852" ind1="0" ind2=" "><subfield code="b">firestone</subfield><subfield code="c">stacks</subfield><subfield code="h">PN1998.3.M6646</subfield><subfield code="i">L46 2025</subfield><subfield code="8">221094353720006421</subfield></datafield><datafield tag="952" ind1=" " ind2=" "><subfield code="d">2025-11-26 14:18:35</subfield><subfield code="8">221094353720006421</subfield><subfield code="a">2025-11-26 14:18:35</subfield><subfield code="b">Firestone Library</subfield><subfield code="c">stacks: Firestone Library</subfield><subfield code="e">false</subfield></datafield><datafield tag="876" ind1=" " ind2=" "><subfield code="0">221094353720006421</subfield><subfield code="j">0</subfield><subfield code="x">WORK_ORDER_DEPARTMENT</subfield><subfield code="z">stacks</subfield><subfield code="p">32101125141901</subfield><subfield code="a">231094353710006421</subfield><subfield code="d">2025-11-26 09:18:35 US/Eastern</subfield><subfield code="q">2026-02-25 12:49:00 US/Eastern</subfield><subfield code="y">firestone</subfield></datafield></record>