<record><leader>02554cas a2200481 a 4500</leader><controlfield tag="005">20240912134752.0</controlfield><controlfield tag="008">910327c19799999cc br p       0   e0chi d</controlfield><controlfield tag="001">9931086863506421</controlfield><datafield tag="022" ind1=" " ind2=" "><subfield code="a">1007-8487</subfield></datafield><datafield tag="035" ind1=" " ind2=" "><subfield code="a">(CStRLIN)NJPX91-S141</subfield></datafield><datafield tag="035" ind1=" " ind2=" "><subfield code="a">(NjP)3108686-princetondb</subfield></datafield><datafield tag="035" ind1=" " ind2=" "><subfield code="a">(OCoLC)ocm12335501</subfield></datafield><datafield tag="035" ind1=" " ind2=" "><subfield code="z">(NjP)Voyager3108686</subfield></datafield><datafield tag="040" ind1=" " ind2=" "><subfield code="a">NjP-G</subfield><subfield code="b">eng</subfield><subfield code="c">NjP-G</subfield><subfield code="d">CStRLIN</subfield><subfield code="d">NjP-G</subfield></datafield><datafield tag="043" ind1=" " ind2=" "><subfield code="a">a-cc---</subfield></datafield><datafield tag="066" ind1=" " ind2=" "><subfield code="c">$1</subfield></datafield><datafield tag="090" ind1=" " ind2=" "><subfield code="a">DS779.15</subfield><subfield code="b">.C441</subfield><subfield code="i">11/08/02 T</subfield><subfield code="h">09/27/01 X</subfield><subfield code="h">05/03/00 T</subfield><subfield code="h">01/21/99 T</subfield><subfield code="h">01/08/98 T</subfield><subfield code="h">09/10/96 T</subfield><subfield code="h">11/15/95 T</subfield><subfield code="h">10/10/94 T</subfield><subfield code="h">05/29/91 T</subfield><subfield code="h">05/24/91 T</subfield></datafield><datafield tag="130" ind1="0" ind2=" "><subfield code="6">880-01</subfield><subfield code="a">Qiu shi (Nanchang, China)</subfield></datafield><datafield tag="880" ind1="0" ind2=" "><subfield code="6">130-01/$1</subfield><subfield code="a">求實 (Nanchang, China)</subfield></datafield><datafield tag="245" ind1="0" ind2="0"><subfield code="6">880-02</subfield><subfield code="a">Qiu shi.</subfield></datafield><datafield tag="880" ind1="0" ind2="0"><subfield code="6">245-02/$1</subfield><subfield code="a">求實.</subfield></datafield><datafield tag="260" ind1=" " ind2=" "><subfield code="6">880-03</subfield><subfield code="a">[Nanchang Shi] :</subfield><subfield code="b">"Qiu shi" bian ji bu,</subfield></datafield><datafield tag="880" ind1=" " ind2=" "><subfield code="6">260-03/$1</subfield><subfield code="a">[南昌市] :</subfield><subfield code="b">《求實》编辑部,</subfield></datafield><datafield tag="300" ind1=" " ind2=" "><subfield code="a">v. :</subfield><subfield code="b">ill. ;</subfield><subfield code="c">27 cm.</subfield></datafield><datafield tag="310" ind1=" " ind2=" "><subfield code="a">Bimonthly,</subfield><subfield code="b">2018-</subfield></datafield><datafield tag="321" ind1=" " ind2=" "><subfield code="a">Monthly,</subfield><subfield code="b">-2017</subfield></datafield><datafield tag="362" ind1="1" ind2=" "><subfield code="a">Began publication in 1979.</subfield></datafield><datafield tag="583" ind1="1" ind2=" "><subfield code="a">Committed to retain</subfield><subfield code="d">in perpetuity</subfield><subfield code="f">ReCAP</subfield><subfield code="f">Chinese Serials Collaborative Collection</subfield><subfield code="5">[MH, NjP, NN, or NNC]</subfield><subfield code="u">http://arks.princeton.edu/ark:/88435/dcxg94j1575</subfield></datafield><datafield tag="588" ind1=" " ind2=" "><subfield code="a">Description based on: 1989 nian di 1 qi = Zong di 95 qi (1989 nian 1 yue [Jan. 1989]); title from cover.</subfield></datafield><datafield tag="550" ind1=" " ind2=" "><subfield code="a">Sponsored by: Zhong gong Jiangxi Sheng wei dang xiao.</subfield></datafield><datafield tag="651" ind1=" " ind2="0"><subfield code="a">China</subfield><subfield code="x">Politics and government</subfield><subfield code="y">1976-</subfield><subfield code="v">Periodicals.</subfield></datafield><datafield tag="650" ind1=" " ind2="0"><subfield code="a">Communism</subfield><subfield code="z">China</subfield><subfield code="v">Periodicals.</subfield><subfield code="0">http://id.loc.gov/authorities/subjects/sh2009120915</subfield></datafield><datafield tag="655" ind1=" " ind2="7"><subfield code="a">Periodicals.</subfield><subfield code="2">lcgft</subfield><subfield code="0">http://id.loc.gov/authorities/genreForms/gf2014026139</subfield></datafield><datafield tag="710" ind1="2" ind2=" "><subfield code="6">880-04</subfield><subfield code="a">Qiu shi za zhi she bian ji wei yuan hui.</subfield></datafield><datafield tag="880" ind1="2" ind2=" "><subfield code="6">710-04/$1</subfield><subfield code="a">求是杂志社编辑委员会.</subfield></datafield><datafield tag="710" ind1="2" ind2=" "><subfield code="6">880-05</subfield><subfield code="a">Zhong gong Jiangxi Sheng wei.</subfield><subfield code="b">Dang xiao.</subfield><subfield code="0">http://id.loc.gov/authorities/names/n81004155</subfield></datafield><datafield tag="880" ind1="2" ind2=" "><subfield code="6">710-05/$1</subfield><subfield code="a">中共江西省委党校．</subfield></datafield><datafield tag="914" ind1=" " ind2=" "><subfield code="a">(OCoLC)ocm12335501</subfield><subfield code="b">OCoLC</subfield><subfield code="c">field transfer</subfield><subfield code="d">20221117</subfield><subfield code="e">processed</subfield><subfield code="f">12335501</subfield></datafield><datafield tag="950" ind1=" " ind2=" "><subfield code="l">C</subfield><subfield code="v">No.95 (1989)-214 (1998)</subfield><subfield code="n">#9</subfield><subfield code="n">#50</subfield><subfield code="p">2</subfield></datafield><datafield tag="955" ind1=" " ind2=" "><subfield code="l">C</subfield><subfield code="c">1:(no.167-178 1995)</subfield><subfield code="r">32101026534071</subfield><subfield code="h">09/10/96 C</subfield></datafield><datafield tag="955" ind1=" " ind2=" "><subfield code="l">C</subfield><subfield code="c">1:(no.179-190 1996)</subfield><subfield code="r">32101033219294</subfield><subfield code="h">01/08/98 C</subfield></datafield><datafield tag="987" ind1=" " ind2=" "><subfield code="a">PINYIN</subfield><subfield code="b">NjP-G</subfield><subfield code="c">20010927</subfield><subfield code="d">c</subfield></datafield><datafield tag="998" ind1=" " ind2=" "><subfield code="a">11/08/02</subfield><subfield code="t">c</subfield><subfield code="s">9114</subfield><subfield code="n">NjP-G</subfield><subfield code="w">NJPX91S141</subfield><subfield code="d">05/03/00</subfield><subfield code="c">FSW</subfield><subfield code="b">SML</subfield><subfield code="i">021108</subfield><subfield code="h">000503</subfield><subfield code="h">990121</subfield><subfield code="h">980108</subfield><subfield code="h">960910</subfield><subfield code="h">951115</subfield><subfield code="h">941010</subfield><subfield code="h">910529</subfield><subfield code="h">910524</subfield><subfield code="l">NJPX</subfield></datafield><datafield tag="950" ind1=" " ind2=" "><subfield code="c">2026-02-27 04:30:37 US/Eastern</subfield><subfield code="b">2021-07-12 08:36:20 US/Eastern</subfield><subfield code="a">false</subfield></datafield><datafield tag="852" ind1="0" ind2=" "><subfield code="b">recap</subfield><subfield code="c">pa</subfield><subfield code="h">DS779.15</subfield><subfield code="i">.C441</subfield><subfield code="8">22482477750006421</subfield></datafield><datafield tag="866" ind1=" " ind2="0"><subfield code="a">No. 95 (1989)-no. 440 (2017); 2018 no. 1-2021 no. 3</subfield><subfield code="8">22482477750006421</subfield></datafield><datafield tag="952" ind1=" " ind2=" "><subfield code="d">2024-05-15 19:30:03</subfield><subfield code="8">22482477750006421</subfield><subfield code="a">2021-07-12 12:36:20</subfield><subfield code="b">ReCAP</subfield><subfield code="c">rcppa: RECAP</subfield><subfield code="e">false</subfield></datafield><datafield tag="852" ind1="0" ind2=" "><subfield code="b">eastasian</subfield><subfield code="c">cjk</subfield><subfield code="h">DS779.15</subfield><subfield code="i">.C441</subfield><subfield code="8">22994011730006421</subfield></datafield><datafield tag="866" ind1=" " ind2="0"><subfield code="a">2021 no. 4-2024 no. 6</subfield><subfield code="8">22994011730006421</subfield></datafield><datafield tag="866" ind1=" " ind2="0"><subfield code="z">CURRENT ISSUES IN: East Asian Library (Gest)</subfield><subfield code="8">22994011730006421</subfield></datafield><datafield tag="952" ind1=" " ind2=" "><subfield code="d">2026-01-13 18:55:22</subfield><subfield code="8">22994011730006421</subfield><subfield code="a">2023-10-11 13:52:54</subfield><subfield code="b">East Asian Library</subfield><subfield code="c">cjk: East Asian Library</subfield><subfield code="e">false</subfield></datafield><datafield tag="876" ind1=" " ind2=" "><subfield code="0">22482477750006421</subfield><subfield code="j">1</subfield><subfield code="z">pa</subfield><subfield code="p">32101046246052</subfield><subfield code="t">1</subfield><subfield code="a">23482477480006421</subfield><subfield code="3">no.237-248 2001</subfield><subfield code="d">2002-11-07 19:00:00 US/Eastern</subfield><subfield code="q">2002-11-08 05:59:00 US/Eastern</subfield><subfield code="y">recap</subfield></datafield><datafield tag="876" ind1=" " ind2=" "><subfield code="0">22482477750006421</subfield><subfield code="j">1</subfield><subfield code="z">pa</subfield><subfield code="p">32101050107075</subfield><subfield code="t">1</subfield><subfield code="a">23482477470006421</subfield><subfield code="3">no.131-142 1992</subfield><subfield code="d">2003-09-23 20:00:00 US/Eastern</subfield><subfield code="q">2003-09-24 06:59:00 US/Eastern</subfield><subfield code="y">recap</subfield></datafield><datafield tag="876" ind1=" " ind2=" "><subfield code="0">22482477750006421</subfield><subfield code="j">1</subfield><subfield code="z">pa</subfield><subfield code="p">32101050107133</subfield><subfield code="t">1</subfield><subfield code="a">23482477490006421</subfield><subfield code="3">no.203-214 1998</subfield><subfield code="d">2001-02-27 19:00:00 US/Eastern</subfield><subfield code="q">2001-02-28 05:59:00 US/Eastern</subfield><subfield code="y">recap</subfield></datafield><datafield tag="876" ind1=" " ind2=" "><subfield code="0">22482477750006421</subfield><subfield code="j">1</subfield><subfield code="z">pa</subfield><subfield code="p">32101050107083</subfield><subfield code="t">1</subfield><subfield code="a">23482477460006421</subfield><subfield code="3">no.143-154 1993</subfield><subfield code="d">2003-09-23 20:00:00 US/Eastern</subfield><subfield code="q">2003-09-24 06:59:00 US/Eastern</subfield><subfield code="y">recap</subfield></datafield><datafield tag="876" ind1=" " ind2=" "><subfield code="0">22482477750006421</subfield><subfield code="j">1</subfield><subfield code="z">pa</subfield><subfield code="p">32101080408923</subfield><subfield code="t">1</subfield><subfield code="a">23482477290006421</subfield><subfield code="3">no.399-404 2014</subfield><subfield code="d">2015-09-01 20:00:00 US/Eastern</subfield><subfield code="q">2015-09-02 06:59:00 US/Eastern</subfield><subfield code="y">recap</subfield></datafield><datafield tag="876" ind1=" " ind2=" "><subfield code="0">22482477750006421</subfield><subfield code="j">1</subfield><subfield code="z">pa</subfield><subfield code="p">32101081415943</subfield><subfield code="t">1</subfield><subfield code="a">23482477080006421</subfield><subfield code="3">no.393-398 2014</subfield><subfield code="d">2015-01-29 19:00:00 US/Eastern</subfield><subfield code="q">2015-01-30 05:59:00 US/Eastern</subfield><subfield code="y">recap</subfield></datafield><datafield tag="876" ind1=" " ind2=" "><subfield code="0">22482477750006421</subfield><subfield code="j">1</subfield><subfield code="z">pa</subfield><subfield code="p">32101081184911</subfield><subfield code="t">1</subfield><subfield code="a">23482477090006421</subfield><subfield code="3">no.387-392 2013</subfield><subfield code="d">2014-09-01 20:00:00 US/Eastern</subfield><subfield code="q">2014-09-02 06:59:00 US/Eastern</subfield><subfield code="y">recap</subfield></datafield><datafield tag="876" ind1=" " ind2=" "><subfield code="0">22482477750006421</subfield><subfield code="j">1</subfield><subfield code="z">pa</subfield><subfield code="p">32101095367114</subfield><subfield code="t">1</subfield><subfield code="a">23482477070006421</subfield><subfield code="3">no.405-410 2015</subfield><subfield code="d">2016-04-20 20:00:00 US/Eastern</subfield><subfield code="q">2016-04-21 06:59:00 US/Eastern</subfield><subfield code="y">recap</subfield></datafield><datafield tag="876" ind1=" " ind2=" "><subfield code="0">22994011730006421</subfield><subfield code="j">1</subfield><subfield code="z">cjk</subfield><subfield code="p">32101115429266</subfield><subfield code="a">231038012590006421</subfield><subfield code="3">2024 no. 1-3 </subfield><subfield code="d">2024-12-19 13:10:48 US/Eastern</subfield><subfield code="q">2024-12-19 13:10:59 US/Eastern</subfield><subfield code="y">eastasian</subfield></datafield><datafield tag="876" ind1=" " ind2=" "><subfield code="0">22994011730006421</subfield><subfield code="j">1</subfield><subfield code="z">cjk</subfield><subfield code="a">231095446470006421</subfield><subfield code="3">2025 no. 1-4 </subfield><subfield code="d">2025-12-12 10:48:29 US/Eastern</subfield><subfield code="q">2025-12-12 14:15:16 US/Eastern</subfield><subfield code="y">eastasian</subfield></datafield><datafield tag="876" ind1=" " ind2=" "><subfield code="0">22482477750006421</subfield><subfield code="j">1</subfield><subfield code="z">pa</subfield><subfield code="p">32101090103373</subfield><subfield code="t">1</subfield><subfield code="a">23482477110006421</subfield><subfield code="3">no.369-374 2012</subfield><subfield code="d">2013-08-05 20:00:00 US/Eastern</subfield><subfield code="q">2013-08-06 06:59:00 US/Eastern</subfield><subfield code="y">recap</subfield></datafield><datafield tag="876" ind1=" " ind2=" "><subfield code="0">22482477750006421</subfield><subfield code="j">1</subfield><subfield code="z">pa</subfield><subfield code="p">32101081840108</subfield><subfield code="t">1</subfield><subfield code="a">23482477130006421</subfield><subfield code="3">no.351-356 2010</subfield><subfield code="d">2011-12-06 19:00:00 US/Eastern</subfield><subfield code="q">2011-12-07 05:59:00 US/Eastern</subfield><subfield code="y">recap</subfield></datafield><datafield tag="876" ind1=" " ind2=" "><subfield code="0">22482477750006421</subfield><subfield code="j">1</subfield><subfield code="z">pa</subfield><subfield code="p">32101065806133</subfield><subfield code="t">1</subfield><subfield code="a">23482477040006421</subfield><subfield code="3">no.297-302 2006</subfield><subfield code="d">2008-01-22 19:00:00 US/Eastern</subfield><subfield code="q">2008-01-23 05:59:00 US/Eastern</subfield><subfield code="y">recap</subfield></datafield><datafield tag="876" ind1=" " ind2=" "><subfield code="0">22482477750006421</subfield><subfield code="j">1</subfield><subfield code="z">pa</subfield><subfield code="p">32101099532804</subfield><subfield code="t">1</subfield><subfield code="a">23482477060006421</subfield><subfield code="3">no.411-416 2015</subfield><subfield code="d">2017-03-15 20:00:00 US/Eastern</subfield><subfield code="q">2017-03-16 06:59:00 US/Eastern</subfield><subfield code="y">recap</subfield></datafield><datafield tag="876" ind1=" " ind2=" "><subfield code="0">22994011730006421</subfield><subfield code="j">1</subfield><subfield code="z">cjk</subfield><subfield code="p">32101114066010</subfield><subfield code="a">231100160950006421</subfield><subfield code="3">2024 no. 4-6 </subfield><subfield code="d">2026-01-13 13:56:03 US/Eastern</subfield><subfield code="q">2026-01-13 13:56:20 US/Eastern</subfield><subfield code="y">eastasian</subfield></datafield><datafield tag="876" ind1=" " ind2=" "><subfield code="0">22482477750006421</subfield><subfield code="j">1</subfield><subfield code="z">pa</subfield><subfield code="p">32101113927840</subfield><subfield code="a">23955717820006421</subfield><subfield code="3">2021 no. 4-6 </subfield><subfield code="d">2023-01-05 13:11:50 US/Eastern</subfield><subfield code="q">2023-10-11 09:55:11 US/Eastern</subfield><subfield code="y">recap</subfield></datafield><datafield tag="876" ind1=" " ind2=" "><subfield code="0">22482477750006421</subfield><subfield code="j">1</subfield><subfield code="z">pa</subfield><subfield code="p">32101100120011</subfield><subfield code="t">1</subfield><subfield code="a">23482477240006421</subfield><subfield code="3">no.433-436 2017</subfield><subfield code="d">2018-05-06 20:00:00 US/Eastern</subfield><subfield code="q">2018-05-07 06:59:00 US/Eastern</subfield><subfield code="y">recap</subfield></datafield><datafield tag="876" ind1=" " ind2=" "><subfield code="0">22482477750006421</subfield><subfield code="j">1</subfield><subfield code="z">pa</subfield><subfield code="p">32101050107125</subfield><subfield code="t">1</subfield><subfield code="a">23482477420006421</subfield><subfield code="3">no.191-202 1997</subfield><subfield code="d">2003-09-23 20:00:00 US/Eastern</subfield><subfield code="q">2003-09-24 06:59:00 US/Eastern</subfield><subfield code="y">recap</subfield></datafield><datafield tag="876" ind1=" " ind2=" "><subfield code="0">22482477750006421</subfield><subfield code="j">1</subfield><subfield code="z">pa</subfield><subfield code="p">32101072948597</subfield><subfield code="t">1</subfield><subfield code="a">23482477150006421</subfield><subfield code="3">no.321-326 2008</subfield><subfield code="d">2009-07-26 20:00:00 US/Eastern</subfield><subfield code="q">2009-07-27 06:59:00 US/Eastern</subfield><subfield code="y">recap</subfield></datafield><datafield tag="876" ind1=" " ind2=" "><subfield code="0">22482477750006421</subfield><subfield code="j">1</subfield><subfield code="z">pa</subfield><subfield code="p">32101056663303</subfield><subfield code="t">1</subfield><subfield code="a">23482477400006421</subfield><subfield code="3">no.261-272 2003</subfield><subfield code="d">2004-09-15 20:00:00 US/Eastern</subfield><subfield code="q">2004-09-16 06:59:00 US/Eastern</subfield><subfield code="y">recap</subfield></datafield><datafield tag="876" ind1=" " ind2=" "><subfield code="0">22482477750006421</subfield><subfield code="j">1</subfield><subfield code="z">pa</subfield><subfield code="p">32101065810366</subfield><subfield code="t">1</subfield><subfield code="a">23482477170006421</subfield><subfield code="3">no.303-308 2006</subfield><subfield code="d">2008-04-03 20:00:00 US/Eastern</subfield><subfield code="q">2008-04-04 06:59:00 US/Eastern</subfield><subfield code="y">recap</subfield></datafield><datafield tag="876" ind1=" " ind2=" "><subfield code="0">22482477750006421</subfield><subfield code="j">1</subfield><subfield code="z">pa</subfield><subfield code="p">32101050107042</subfield><subfield code="t">1</subfield><subfield code="a">23482477220006421</subfield><subfield code="3">no.95-106 1989</subfield><subfield code="d">2003-09-23 20:00:00 US/Eastern</subfield><subfield code="q">2003-09-24 06:59:00 US/Eastern</subfield><subfield code="y">recap</subfield></datafield><datafield tag="876" ind1=" " ind2=" "><subfield code="0">22482477750006421</subfield><subfield code="j">1</subfield><subfield code="z">pa</subfield><subfield code="p">32101100120037</subfield><subfield code="t">1</subfield><subfield code="a">23482477260006421</subfield><subfield code="3">no.425-428 2016</subfield><subfield code="d">2018-05-06 20:00:00 US/Eastern</subfield><subfield code="q">2018-05-07 06:59:00 US/Eastern</subfield><subfield code="y">recap</subfield></datafield><datafield tag="876" ind1=" " ind2=" "><subfield code="0">22482477750006421</subfield><subfield code="j">1</subfield><subfield code="z">pa</subfield><subfield code="p">32101108648765</subfield><subfield code="a">23915505990006421</subfield><subfield code="3">2021 no. 1-3 </subfield><subfield code="d">2022-02-16 15:37:49 US/Eastern</subfield><subfield code="q">2022-02-16 15:38:06 US/Eastern</subfield><subfield code="y">recap</subfield></datafield><datafield tag="876" ind1=" " ind2=" "><subfield code="0">22482477750006421</subfield><subfield code="j">1</subfield><subfield code="z">pa</subfield><subfield code="p">32101050107067</subfield><subfield code="t">1</subfield><subfield code="a">23482477200006421</subfield><subfield code="3">no.119-130 1991</subfield><subfield code="d">2003-09-23 20:00:00 US/Eastern</subfield><subfield code="q">2003-09-24 06:59:00 US/Eastern</subfield><subfield code="y">recap</subfield></datafield><datafield tag="876" ind1=" " ind2=" "><subfield code="0">22482477750006421</subfield><subfield code="j">1</subfield><subfield code="z">pa</subfield><subfield code="p">32101108648799</subfield><subfield code="a">23915506030006421</subfield><subfield code="3">2019 </subfield><subfield code="d">2022-02-16 15:34:33 US/Eastern</subfield><subfield code="q">2022-02-16 15:34:52 US/Eastern</subfield><subfield code="y">recap</subfield></datafield><datafield tag="876" ind1=" " ind2=" "><subfield code="0">22482477750006421</subfield><subfield code="j">1</subfield><subfield code="z">pa</subfield><subfield code="p">32101104919954</subfield><subfield code="t">1</subfield><subfield code="a">23482477280006421</subfield><subfield code="3">no.417-420 2016</subfield><subfield code="d">2018-05-06 20:00:00 US/Eastern</subfield><subfield code="q">2018-05-07 06:59:00 US/Eastern</subfield><subfield code="y">recap</subfield></datafield><datafield tag="876" ind1=" " ind2=" "><subfield code="0">22994011730006421</subfield><subfield code="j">1</subfield><subfield code="z">cjk</subfield><subfield code="p">32101115489542</subfield><subfield code="a">231002398850006421</subfield><subfield code="3">2023 </subfield><subfield code="d">2023-11-29 13:27:11 US/Eastern</subfield><subfield code="q">2024-05-15 15:30:29 US/Eastern</subfield><subfield code="y">eastasian</subfield></datafield><datafield tag="876" ind1=" " ind2=" "><subfield code="0">22482477750006421</subfield><subfield code="j">1</subfield><subfield code="z">pa</subfield><subfield code="p">32101050107109</subfield><subfield code="t">1</subfield><subfield code="a">23482477440006421</subfield><subfield code="3">no.167-178 1995</subfield><subfield code="d">2003-09-23 20:00:00 US/Eastern</subfield><subfield code="q">2003-09-24 06:59:00 US/Eastern</subfield><subfield code="y">recap</subfield></datafield><datafield tag="876" ind1=" " ind2=" "><subfield code="0">22482477750006421</subfield><subfield code="j">1</subfield><subfield code="z">pa</subfield><subfield code="p">32101108648781</subfield><subfield code="a">23915506010006421</subfield><subfield code="3">2020 no. 1-3 </subfield><subfield code="d">2022-02-16 15:35:35 US/Eastern</subfield><subfield code="q">2022-02-16 15:35:54 US/Eastern</subfield><subfield code="y">recap</subfield></datafield><datafield tag="876" ind1=" " ind2=" "><subfield code="0">22482477750006421</subfield><subfield code="j">1</subfield><subfield code="z">pa</subfield><subfield code="p">32101086338041</subfield><subfield code="t">1</subfield><subfield code="a">23482477310006421</subfield><subfield code="3">no.363-368 2011</subfield><subfield code="d">2012-08-01 20:00:00 US/Eastern</subfield><subfield code="q">2012-08-02 06:59:00 US/Eastern</subfield><subfield code="y">recap</subfield></datafield><datafield tag="876" ind1=" " ind2=" "><subfield code="0">22482477750006421</subfield><subfield code="j">1</subfield><subfield code="z">pa</subfield><subfield code="p">32101078230214</subfield><subfield code="t">1</subfield><subfield code="a">23482477330006421</subfield><subfield code="3">no.345-350 2010</subfield><subfield code="d">2011-03-03 19:00:00 US/Eastern</subfield><subfield code="q">2011-03-04 05:59:00 US/Eastern</subfield><subfield code="y">recap</subfield></datafield><datafield tag="876" ind1=" " ind2=" "><subfield code="0">22482477750006421</subfield><subfield code="j">1</subfield><subfield code="z">pa</subfield><subfield code="p">32101078973797</subfield><subfield code="t">1</subfield><subfield code="a">23482477370006421</subfield><subfield code="3">no.333-338 2009</subfield><subfield code="d">2010-09-26 20:00:00 US/Eastern</subfield><subfield code="q">2010-09-27 06:59:00 US/Eastern</subfield><subfield code="y">recap</subfield></datafield><datafield tag="876" ind1=" " ind2=" "><subfield code="0">22482477750006421</subfield><subfield code="j">1</subfield><subfield code="z">pa</subfield><subfield code="p">32101056652850</subfield><subfield code="t">1</subfield><subfield code="a">23482477390006421</subfield><subfield code="3">no.273-278 2004</subfield><subfield code="d">2005-02-13 19:00:00 US/Eastern</subfield><subfield code="q">2005-02-14 05:59:00 US/Eastern</subfield><subfield code="y">recap</subfield></datafield><datafield tag="876" ind1=" " ind2=" "><subfield code="0">22482477750006421</subfield><subfield code="j">1</subfield><subfield code="z">pa</subfield><subfield code="p">32101056467002</subfield><subfield code="t">1</subfield><subfield code="a">23482477190006421</subfield><subfield code="3">no.279-284 2004</subfield><subfield code="d">2005-11-21 19:00:00 US/Eastern</subfield><subfield code="q">2005-11-22 05:59:00 US/Eastern</subfield><subfield code="y">recap</subfield></datafield><datafield tag="876" ind1=" " ind2=" "><subfield code="0">22482477750006421</subfield><subfield code="j">1</subfield><subfield code="z">pa</subfield><subfield code="p">32101056469800</subfield><subfield code="t">1</subfield><subfield code="a">23482477180006421</subfield><subfield code="3">no.285-290 2005</subfield><subfield code="d">2006-02-21 19:00:00 US/Eastern</subfield><subfield code="q">2006-02-22 05:59:00 US/Eastern</subfield><subfield code="y">recap</subfield></datafield><datafield tag="876" ind1=" " ind2=" "><subfield code="0">22482477750006421</subfield><subfield code="j">1</subfield><subfield code="z">pa</subfield><subfield code="p">32101065147280</subfield><subfield code="t">1</subfield><subfield code="a">23482477030006421</subfield><subfield code="3">no.309-314 2007</subfield><subfield code="d">2008-08-06 20:00:00 US/Eastern</subfield><subfield code="q">2008-08-07 06:59:00 US/Eastern</subfield><subfield code="y">recap</subfield></datafield><datafield tag="876" ind1=" " ind2=" "><subfield code="0">22482477750006421</subfield><subfield code="j">1</subfield><subfield code="z">pa</subfield><subfield code="p">32101081840116</subfield><subfield code="t">1</subfield><subfield code="a">23482477120006421</subfield><subfield code="3">no.357-362 2011</subfield><subfield code="d">2011-12-06 19:00:00 US/Eastern</subfield><subfield code="q">2011-12-07 05:59:00 US/Eastern</subfield><subfield code="y">recap</subfield></datafield><datafield tag="876" ind1=" " ind2=" "><subfield code="0">22482477750006421</subfield><subfield code="j">1</subfield><subfield code="z">pa</subfield><subfield code="p">32101050107158</subfield><subfield code="t">1</subfield><subfield code="a">23482477050006421</subfield><subfield code="3">no.225-236 2000</subfield><subfield code="d">2001-08-28 20:00:00 US/Eastern</subfield><subfield code="q">2001-08-29 06:59:00 US/Eastern</subfield><subfield code="y">recap</subfield></datafield><datafield tag="876" ind1=" " ind2=" "><subfield code="0">22482477750006421</subfield><subfield code="j">1</subfield><subfield code="z">pa</subfield><subfield code="p">32101090103381</subfield><subfield code="t">1</subfield><subfield code="a">23482477100006421</subfield><subfield code="3">no.375-380 2012</subfield><subfield code="d">2013-08-05 20:00:00 US/Eastern</subfield><subfield code="q">2013-08-06 06:59:00 US/Eastern</subfield><subfield code="y">recap</subfield></datafield><datafield tag="876" ind1=" " ind2=" "><subfield code="0">22482477750006421</subfield><subfield code="j">1</subfield><subfield code="z">pa</subfield><subfield code="p">32101113927857</subfield><subfield code="a">23994011720006421</subfield><subfield code="3">2022 no. 4-6 </subfield><subfield code="d">2023-10-11 09:56:44 US/Eastern</subfield><subfield code="q">2023-10-11 09:56:58 US/Eastern</subfield><subfield code="y">recap</subfield></datafield><datafield tag="876" ind1=" " ind2=" "><subfield code="0">22482477750006421</subfield><subfield code="j">1</subfield><subfield code="z">pa</subfield><subfield code="p">32101113927865</subfield><subfield code="a">23955717810006421</subfield><subfield code="3">2022 no. 1-3 </subfield><subfield code="d">2023-01-05 13:12:19 US/Eastern</subfield><subfield code="q">2023-10-11 09:56:12 US/Eastern</subfield><subfield code="y">recap</subfield></datafield><datafield tag="876" ind1=" " ind2=" "><subfield code="0">22482477750006421</subfield><subfield code="j">1</subfield><subfield code="z">pa</subfield><subfield code="p">32101072941592</subfield><subfield code="t">1</subfield><subfield code="a">23482477160006421</subfield><subfield code="3">no.315-320 2007</subfield><subfield code="d">2009-03-25 20:00:00 US/Eastern</subfield><subfield code="q">2009-03-26 06:59:00 US/Eastern</subfield><subfield code="y">recap</subfield></datafield><datafield tag="876" ind1=" " ind2=" "><subfield code="0">22482477750006421</subfield><subfield code="j">1</subfield><subfield code="z">pa</subfield><subfield code="p">32101072948605</subfield><subfield code="t">1</subfield><subfield code="a">23482477140006421</subfield><subfield code="3">no.327-332 2008</subfield><subfield code="d">2009-07-26 20:00:00 US/Eastern</subfield><subfield code="q">2009-07-27 06:59:00 US/Eastern</subfield><subfield code="y">recap</subfield></datafield><datafield tag="876" ind1=" " ind2=" "><subfield code="0">22482477750006421</subfield><subfield code="j">1</subfield><subfield code="z">pa</subfield><subfield code="p">32101050114741</subfield><subfield code="t">1</subfield><subfield code="a">23482477410006421</subfield><subfield code="3">no.249-260 2002</subfield><subfield code="d">2003-11-13 19:00:00 US/Eastern</subfield><subfield code="q">2003-11-14 05:59:00 US/Eastern</subfield><subfield code="y">recap</subfield></datafield><datafield tag="876" ind1=" " ind2=" "><subfield code="0">22482477750006421</subfield><subfield code="j">1</subfield><subfield code="z">pa</subfield><subfield code="p">32101100120029</subfield><subfield code="t">1</subfield><subfield code="a">23482477250006421</subfield><subfield code="3">no.429-432 2017</subfield><subfield code="d">2018-05-06 20:00:00 US/Eastern</subfield><subfield code="q">2018-05-07 06:59:00 US/Eastern</subfield><subfield code="y">recap</subfield></datafield><datafield tag="876" ind1=" " ind2=" "><subfield code="0">22482477750006421</subfield><subfield code="j">1</subfield><subfield code="z">pa</subfield><subfield code="p">32101050107059</subfield><subfield code="t">1</subfield><subfield code="a">23482477210006421</subfield><subfield code="3">no.107-118 1990</subfield><subfield code="d">2003-09-23 20:00:00 US/Eastern</subfield><subfield code="q">2003-09-24 06:59:00 US/Eastern</subfield><subfield code="y">recap</subfield></datafield><datafield tag="876" ind1=" " ind2=" "><subfield code="0">22482477750006421</subfield><subfield code="j">1</subfield><subfield code="z">pa</subfield><subfield code="p">32101100120003</subfield><subfield code="t">1</subfield><subfield code="a">23482477230006421</subfield><subfield code="3">no.437-440 2017</subfield><subfield code="d">2018-05-06 20:00:00 US/Eastern</subfield><subfield code="q">2018-05-07 06:59:00 US/Eastern</subfield><subfield code="y">recap</subfield></datafield><datafield tag="876" ind1=" " ind2=" "><subfield code="0">22482477750006421</subfield><subfield code="j">1</subfield><subfield code="z">pa</subfield><subfield code="p">32101050107141</subfield><subfield code="t">1</subfield><subfield code="a">23482477500006421</subfield><subfield code="3">no.215-224 1999</subfield><subfield code="d">2001-01-08 19:00:00 US/Eastern</subfield><subfield code="q">2001-01-09 05:59:00 US/Eastern</subfield><subfield code="y">recap</subfield></datafield><datafield tag="876" ind1=" " ind2=" "><subfield code="0">22482477750006421</subfield><subfield code="j">1</subfield><subfield code="z">pa</subfield><subfield code="p">32101104919947</subfield><subfield code="t">1</subfield><subfield code="a">23482477270006421</subfield><subfield code="3">no.421-424 2016</subfield><subfield code="d">2018-05-06 20:00:00 US/Eastern</subfield><subfield code="q">2018-05-07 06:59:00 US/Eastern</subfield><subfield code="y">recap</subfield></datafield><datafield tag="876" ind1=" " ind2=" "><subfield code="0">22482477750006421</subfield><subfield code="j">1</subfield><subfield code="z">pa</subfield><subfield code="p">32101050107091</subfield><subfield code="t">1</subfield><subfield code="a">23482477450006421</subfield><subfield code="3">no.155-166 1994</subfield><subfield code="d">2003-09-23 20:00:00 US/Eastern</subfield><subfield code="q">2003-09-24 06:59:00 US/Eastern</subfield><subfield code="y">recap</subfield></datafield><datafield tag="876" ind1=" " ind2=" "><subfield code="0">22482477750006421</subfield><subfield code="j">1</subfield><subfield code="z">pa</subfield><subfield code="p">32101050107117</subfield><subfield code="t">1</subfield><subfield code="a">23482477430006421</subfield><subfield code="3">no.179-190 1996</subfield><subfield code="d">2003-09-23 20:00:00 US/Eastern</subfield><subfield code="q">2003-09-24 06:59:00 US/Eastern</subfield><subfield code="y">recap</subfield></datafield><datafield tag="876" ind1=" " ind2=" "><subfield code="0">22482477750006421</subfield><subfield code="j">1</subfield><subfield code="z">pa</subfield><subfield code="p">32101078973805</subfield><subfield code="t">1</subfield><subfield code="a">23482477340006421</subfield><subfield code="3">no.339-344 2009</subfield><subfield code="d">2010-09-26 20:00:00 US/Eastern</subfield><subfield code="q">2010-09-27 06:59:00 US/Eastern</subfield><subfield code="y">recap</subfield></datafield><datafield tag="876" ind1=" " ind2=" "><subfield code="0">22482477750006421</subfield><subfield code="j">1</subfield><subfield code="z">pa</subfield><subfield code="p">32101093521480</subfield><subfield code="t">1</subfield><subfield code="a">23482477300006421</subfield><subfield code="3">no.381-386 2013</subfield><subfield code="d">2013-12-17 19:00:00 US/Eastern</subfield><subfield code="q">2013-12-18 05:59:00 US/Eastern</subfield><subfield code="y">recap</subfield></datafield><datafield tag="876" ind1=" " ind2=" "><subfield code="0">22482477750006421</subfield><subfield code="j">1</subfield><subfield code="z">pa</subfield><subfield code="p">32101108648773</subfield><subfield code="a">23915506000006421</subfield><subfield code="3">2020 no. 4-6 </subfield><subfield code="d">2022-02-16 15:36:53 US/Eastern</subfield><subfield code="q">2022-02-16 15:37:11 US/Eastern</subfield><subfield code="y">recap</subfield></datafield><datafield tag="876" ind1=" " ind2=" "><subfield code="0">22482477750006421</subfield><subfield code="j">1</subfield><subfield code="z">pa</subfield><subfield code="p">32101062150790</subfield><subfield code="t">1</subfield><subfield code="a">23482477380006421</subfield><subfield code="3">no.291-296 2005</subfield><subfield code="d">2007-03-12 20:00:00 US/Eastern</subfield><subfield code="q">2007-03-13 06:59:00 US/Eastern</subfield><subfield code="y">recap</subfield></datafield><datafield tag="876" ind1=" " ind2=" "><subfield code="0">22482477750006421</subfield><subfield code="j">1</subfield><subfield code="z">pa</subfield><subfield code="p">32101108648807</subfield><subfield code="a">23915506040006421</subfield><subfield code="3">2018 </subfield><subfield code="d">2022-02-16 15:33:20 US/Eastern</subfield><subfield code="q">2022-02-16 15:33:41 US/Eastern</subfield><subfield code="y">recap</subfield></datafield></record>