<record><leader>02453cas a2200541 a 4500</leader><controlfield tag="005">20240815102422.0</controlfield><controlfield tag="008">120416c20119999cc mr p       0    0chi c</controlfield><controlfield tag="001">9970454803506421</controlfield><datafield tag="010" ind1=" " ind2=" "><subfield code="a">  2011255009</subfield></datafield><datafield tag="019" ind1=" " ind2=" "><subfield code="a">758939151</subfield></datafield><datafield tag="022" ind1=" " ind2=" "><subfield code="a">2095-1639</subfield></datafield><datafield tag="035" ind1=" " ind2=" "><subfield code="a">(NjP)7045480-princetondb</subfield></datafield><datafield tag="035" ind1=" " ind2=" "><subfield code="z">(OCoLC)758939151</subfield></datafield><datafield tag="035" ind1=" " ind2=" "><subfield code="a">(OCoLC)ocn723860332</subfield></datafield><datafield tag="035" ind1=" " ind2=" "><subfield code="z">(NjP)Voyager7045480</subfield></datafield><datafield tag="040" ind1=" " ind2=" "><subfield code="a">LWU</subfield><subfield code="b">eng</subfield><subfield code="c">PULEA</subfield><subfield code="d">LWU</subfield><subfield code="d">ZCU</subfield><subfield code="d">JPG</subfield><subfield code="d">DLC</subfield><subfield code="d">PULEA</subfield></datafield><datafield tag="041" ind1="0" ind2=" "><subfield code="a">chi</subfield><subfield code="f">chi</subfield><subfield code="f">eng</subfield></datafield><datafield tag="042" ind1=" " ind2=" "><subfield code="a">pcc</subfield></datafield><datafield tag="043" ind1=" " ind2=" "><subfield code="a">a-cc---</subfield></datafield><datafield tag="049" ind1=" " ind2=" "><subfield code="a">MAIN</subfield></datafield><datafield tag="050" ind1="0" ind2="0"><subfield code="a">DS701</subfield><subfield code="b">.C7557</subfield></datafield><datafield tag="245" ind1="0" ind2="0"><subfield code="6">880-01</subfield><subfield code="a">Zhongguo guo jia bo wu guan guan kan =</subfield><subfield code="b">Journal of National Museum of China.</subfield></datafield><datafield tag="880" ind1="0" ind2="0"><subfield code="6">245-01</subfield><subfield code="a">中国国家博物馆馆刊 =</subfield><subfield code="b">Journal of National Museum of China.</subfield></datafield><datafield tag="246" ind1="1" ind2="1"><subfield code="a">Journal of National Museum of China</subfield></datafield><datafield tag="260" ind1=" " ind2=" "><subfield code="6">880-02</subfield><subfield code="a">Beijing :</subfield><subfield code="b">Zhongguo guo jia bo wu guan</subfield></datafield><datafield tag="880" ind1=" " ind2=" "><subfield code="6">260-02</subfield><subfield code="a">北京 :</subfield><subfield code="b">中国国家博物馆</subfield></datafield><datafield tag="310" ind1=" " ind2=" "><subfield code="a">Monthly</subfield></datafield><datafield tag="362" ind1="1" ind2=" "><subfield code="a">Began with Di 1 qi (2011 nian).</subfield></datafield><datafield tag="515" ind1=" " ind2=" "><subfield code="a">Issues for Di 1 qi (2011 nian) called also Zong di 90 qi-</subfield></datafield><datafield tag="546" ind1=" " ind2=" "><subfield code="a">In Chinese; table of contents also in English.</subfield></datafield><datafield tag="588" ind1=" " ind2=" "><subfield code="a">Description based on: Di 1 qi (2011 nian); title from title page.</subfield></datafield><datafield tag="588" ind1=" " ind2=" "><subfield code="a">Latest issue consulted: Di 12 qi (2011 nian).</subfield></datafield><datafield tag="651" ind1=" " ind2="0"><subfield code="a">China</subfield><subfield code="x">History</subfield><subfield code="v">Periodicals.</subfield><subfield code="0">http://id.loc.gov/authorities/subjects/sh2008100600</subfield></datafield><datafield tag="651" ind1=" " ind2="0"><subfield code="a">China</subfield><subfield code="x">Antiquities</subfield><subfield code="v">Periodicals.</subfield></datafield><datafield tag="651" ind1=" " ind2="0"><subfield code="a">China</subfield><subfield code="x">Relics</subfield><subfield code="v">Periodicals.</subfield></datafield><datafield tag="655" ind1=" " ind2="7"><subfield code="a">Periodicals.</subfield><subfield code="2">lcgft</subfield><subfield code="0">http://id.loc.gov/authorities/genreForms/gf2014026139</subfield></datafield><datafield tag="710" ind1="1" ind2=" "><subfield code="6">880-03</subfield><subfield code="a">China.</subfield><subfield code="b">Guo jia bo wu guan.</subfield><subfield code="0">http://id.loc.gov/authorities/names/nr2004024460</subfield></datafield><datafield tag="880" ind1="1" ind2=" "><subfield code="6">710-03</subfield><subfield code="a">China.</subfield><subfield code="b">国家博物馆.</subfield></datafield><datafield tag="780" ind1="0" ind2="4"><subfield code="6">880-04</subfield><subfield code="t">Zhongguo li shi wen wu</subfield><subfield code="x">1671-5357</subfield><subfield code="w">(DLC)  2005222363</subfield><subfield code="w">(OCoLC)52569789</subfield></datafield><datafield tag="880" ind1="0" ind2="4"><subfield code="6">780-04</subfield><subfield code="t">中國歴史文物</subfield><subfield code="x">1671-5357</subfield><subfield code="w">(DLC)  2005222363</subfield><subfield code="w">(OCoLC)52569789</subfield></datafield><datafield tag="780" ind1="0" ind2="4"><subfield code="6">880-05</subfield><subfield code="t">Jin dai Zhongguo yu wen wu</subfield><subfield code="w">(OCoLC)170954634</subfield></datafield><datafield tag="880" ind1="0" ind2="4"><subfield code="6">780-05</subfield><subfield code="t">近代中国与文物</subfield><subfield code="w">(OCoLC)170954634</subfield></datafield><datafield tag="850" ind1=" " ind2=" "><subfield code="a">DLC</subfield></datafield><datafield tag="902" ind1=" " ind2=" "><subfield code="a">csw</subfield><subfield code="s">csw</subfield><subfield code="b">l</subfield><subfield code="6">a</subfield><subfield code="7">s</subfield><subfield code="d">v</subfield><subfield code="f">0</subfield><subfield code="e">20120416</subfield></datafield><datafield tag="914" ind1=" " ind2=" "><subfield code="a">(OCoLC)ocn723860332</subfield><subfield code="b">OCoLC</subfield><subfield code="c">field transfer</subfield><subfield code="d">20221117</subfield><subfield code="e">processed</subfield><subfield code="f">723860332</subfield></datafield><datafield tag="979" ind1=" " ind2=" "><subfield code="a">(OCoLC)ocn785829232</subfield></datafield><datafield tag="987" ind1=" " ind2=" "><subfield code="a">PINYIN</subfield><subfield code="b">JaToWDT</subfield><subfield code="d">c</subfield></datafield><datafield tag="994" ind1=" " ind2=" "><subfield code="a">C0</subfield><subfield code="b">PULEA</subfield></datafield><datafield tag="950" ind1=" " ind2=" "><subfield code="c">2026-02-27 04:30:20 US/Eastern</subfield><subfield code="b">2021-07-12 13:47:48 US/Eastern</subfield><subfield code="a">false</subfield></datafield><datafield tag="852" ind1="0" ind2=" "><subfield code="b">eastasian</subfield><subfield code="c">cjk</subfield><subfield code="h">DS701</subfield><subfield code="i">.C7557</subfield><subfield code="8">22539145190006421</subfield></datafield><datafield tag="866" ind1=" " ind2="0"><subfield code="a">No. 174 (2018)-no. 197 (2019) ; 2020 no. 1-2024 no. 12</subfield><subfield code="8">22539145190006421</subfield></datafield><datafield tag="866" ind1=" " ind2="0"><subfield code="z">CURRENT ISSUES IN: East Asian Library (Gest)</subfield><subfield code="8">22539145190006421</subfield></datafield><datafield tag="952" ind1=" " ind2=" "><subfield code="d">2026-01-13 18:49:21</subfield><subfield code="8">22539145190006421</subfield><subfield code="a">2021-07-12 17:47:48</subfield><subfield code="b">East Asian Library</subfield><subfield code="c">cjk: East Asian Library</subfield><subfield code="e">false</subfield></datafield><datafield tag="852" ind1="0" ind2=" "><subfield code="b">recap</subfield><subfield code="c">pa</subfield><subfield code="h">DS701</subfield><subfield code="i">.C7557</subfield><subfield code="8">22539144970006421</subfield></datafield><datafield tag="866" ind1=" " ind2="0"><subfield code="a">No. 90 (2011)-no. 173 (2017)</subfield><subfield code="8">22539144970006421</subfield></datafield><datafield tag="952" ind1=" " ind2=" "><subfield code="d">2024-07-31 17:47:21</subfield><subfield code="8">22539144970006421</subfield><subfield code="a">2021-07-12 17:47:48</subfield><subfield code="b">ReCAP</subfield><subfield code="c">rcppa: RECAP</subfield><subfield code="e">false</subfield></datafield><datafield tag="876" ind1=" " ind2=" "><subfield code="0">22539145190006421</subfield><subfield code="j">0</subfield><subfield code="x">TRANSIT</subfield><subfield code="z">cjk</subfield><subfield code="p">32101110498829</subfield><subfield code="a">23942542990006421</subfield><subfield code="3">2021 no. 1-4 </subfield><subfield code="d">2022-09-19 12:59:42 US/Eastern</subfield><subfield code="q">2022-09-19 13:01:32 US/Eastern</subfield><subfield code="y">eastasian</subfield></datafield><datafield tag="876" ind1=" " ind2=" "><subfield code="0">22539145190006421</subfield><subfield code="j">1</subfield><subfield code="z">cjk</subfield><subfield code="p">32101115489195</subfield><subfield code="a">231013307140006421</subfield><subfield code="3">2023 no. 5-8 </subfield><subfield code="d">2024-03-13 11:00:38 US/Eastern</subfield><subfield code="q">2024-05-15 10:39:22 US/Eastern</subfield><subfield code="y">eastasian</subfield></datafield><datafield tag="876" ind1=" " ind2=" "><subfield code="0">22539145190006421</subfield><subfield code="j">1</subfield><subfield code="z">cjk</subfield><subfield code="p">32101108250745</subfield><subfield code="t">1</subfield><subfield code="a">23539144990006421</subfield><subfield code="3">2020 no. 1-4</subfield><subfield code="d">2021-04-13 20:00:00 US/Eastern</subfield><subfield code="q">2021-04-14 06:59:00 US/Eastern</subfield><subfield code="y">eastasian</subfield></datafield><datafield tag="876" ind1=" " ind2=" "><subfield code="0">22539145190006421</subfield><subfield code="j">1</subfield><subfield code="z">cjk</subfield><subfield code="p">32101108250752</subfield><subfield code="t">1</subfield><subfield code="a">23539145120006421</subfield><subfield code="3">no.195-197 2019</subfield><subfield code="d">2021-04-13 20:00:00 US/Eastern</subfield><subfield code="q">2021-04-14 06:59:00 US/Eastern</subfield><subfield code="y">eastasian</subfield></datafield><datafield tag="876" ind1=" " ind2=" "><subfield code="0">22539145190006421</subfield><subfield code="j">1</subfield><subfield code="z">cjk</subfield><subfield code="p">32101113448458</subfield><subfield code="t">1</subfield><subfield code="a">23539145030006421</subfield><subfield code="3">no.183-185 2018</subfield><subfield code="d">2019-11-14 19:00:00 US/Eastern</subfield><subfield code="q">2019-11-15 05:59:00 US/Eastern</subfield><subfield code="y">eastasian</subfield></datafield><datafield tag="876" ind1=" " ind2=" "><subfield code="0">22539145190006421</subfield><subfield code="j">1</subfield><subfield code="z">cjk</subfield><subfield code="p">32101113448474</subfield><subfield code="t">1</subfield><subfield code="a">23539145050006421</subfield><subfield code="3">no.177-179 2018</subfield><subfield code="d">2019-11-14 19:00:00 US/Eastern</subfield><subfield code="q">2019-11-15 05:59:00 US/Eastern</subfield><subfield code="y">eastasian</subfield></datafield><datafield tag="876" ind1=" " ind2=" "><subfield code="0">22539144970006421</subfield><subfield code="j">1</subfield><subfield code="z">pa</subfield><subfield code="p">32101095210421</subfield><subfield code="t">1</subfield><subfield code="a">23539145140006421</subfield><subfield code="3">no.150-153 2016</subfield><subfield code="d">2016-11-01 20:00:00 US/Eastern</subfield><subfield code="q">2016-11-02 12:45:29 US/Eastern</subfield><subfield code="y">recap</subfield></datafield><datafield tag="876" ind1=" " ind2=" "><subfield code="0">22539144970006421</subfield><subfield code="j">1</subfield><subfield code="z">pa</subfield><subfield code="p">32101093178174</subfield><subfield code="t">1</subfield><subfield code="a">23539144880006421</subfield><subfield code="3">no.114-116 2013</subfield><subfield code="d">2013-12-05 19:00:00 US/Eastern</subfield><subfield code="q">2013-12-06 05:59:00 US/Eastern</subfield><subfield code="y">recap</subfield></datafield><datafield tag="876" ind1=" " ind2=" "><subfield code="0">22539144970006421</subfield><subfield code="j">1</subfield><subfield code="z">pa</subfield><subfield code="p">32101100126794</subfield><subfield code="t">1</subfield><subfield code="a">23539145100006421</subfield><subfield code="3">no.162-164 2017</subfield><subfield code="d">2018-07-23 20:00:00 US/Eastern</subfield><subfield code="q">2018-07-24 12:51:55 US/Eastern</subfield><subfield code="y">recap</subfield></datafield><datafield tag="876" ind1=" " ind2=" "><subfield code="0">22539144970006421</subfield><subfield code="j">1</subfield><subfield code="z">pa</subfield><subfield code="p">32101086325667</subfield><subfield code="t">1</subfield><subfield code="a">23539144950006421</subfield><subfield code="3">no.93-95 2011</subfield><subfield code="d">2012-06-05 20:00:00 US/Eastern</subfield><subfield code="q">2012-06-06 06:59:00 US/Eastern</subfield><subfield code="y">recap</subfield></datafield><datafield tag="876" ind1=" " ind2=" "><subfield code="0">22539145190006421</subfield><subfield code="j">1</subfield><subfield code="z">cjk</subfield><subfield code="p">32101114085192</subfield><subfield code="a">23997426220006421</subfield><subfield code="3">2022 no. 5-8 </subfield><subfield code="d">2023-11-01 13:04:09 US/Eastern</subfield><subfield code="q">2023-11-01 13:04:22 US/Eastern</subfield><subfield code="y">eastasian</subfield></datafield><datafield tag="876" ind1=" " ind2=" "><subfield code="0">22539145190006421</subfield><subfield code="j">1</subfield><subfield code="z">cjk</subfield><subfield code="p">32101115484519</subfield><subfield code="a">231002398610006421</subfield><subfield code="3">2023 no. 1-4 </subfield><subfield code="d">2023-11-29 14:13:48 US/Eastern</subfield><subfield code="q">2024-03-07 12:43:38 US/Eastern</subfield><subfield code="y">eastasian</subfield></datafield><datafield tag="876" ind1=" " ind2=" "><subfield code="0">22539145190006421</subfield><subfield code="j">0</subfield><subfield code="x">TRANSIT</subfield><subfield code="z">cjk</subfield><subfield code="p">32101110498811</subfield><subfield code="a">23942542980006421</subfield><subfield code="3">2021 no. 5-8 </subfield><subfield code="d">2022-09-19 13:00:24 US/Eastern</subfield><subfield code="q">2022-09-19 13:00:48 US/Eastern</subfield><subfield code="y">eastasian</subfield></datafield><datafield tag="876" ind1=" " ind2=" "><subfield code="0">22539144970006421</subfield><subfield code="j">1</subfield><subfield code="z">pa</subfield><subfield code="p">32101086667928</subfield><subfield code="t">1</subfield><subfield code="a">23539144840006421</subfield><subfield code="3">no.128-129 2014</subfield><subfield code="d">2014-11-05 19:00:00 US/Eastern</subfield><subfield code="q">2014-11-06 05:59:00 US/Eastern</subfield><subfield code="y">recap</subfield></datafield><datafield tag="876" ind1=" " ind2=" "><subfield code="0">22539144970006421</subfield><subfield code="j">1</subfield><subfield code="z">pa</subfield><subfield code="p">32101084811197</subfield><subfield code="t">1</subfield><subfield code="a">23539144910006421</subfield><subfield code="3">no.105-107 2012</subfield><subfield code="d">2013-06-30 20:00:00 US/Eastern</subfield><subfield code="q">2013-07-01 06:59:00 US/Eastern</subfield><subfield code="y">recap</subfield></datafield><datafield tag="876" ind1=" " ind2=" "><subfield code="0">22539144970006421</subfield><subfield code="j">1</subfield><subfield code="z">pa</subfield><subfield code="p">32101086325683</subfield><subfield code="t">1</subfield><subfield code="a">23539144930006421</subfield><subfield code="3">no.99-101 2011</subfield><subfield code="d">2012-06-05 20:00:00 US/Eastern</subfield><subfield code="q">2012-06-06 06:59:00 US/Eastern</subfield><subfield code="y">recap</subfield></datafield><datafield tag="876" ind1=" " ind2=" "><subfield code="0">22539144970006421</subfield><subfield code="j">1</subfield><subfield code="z">pa</subfield><subfield code="p">32101099725028</subfield><subfield code="t">1</subfield><subfield code="a">23539144820006421</subfield><subfield code="3">no.144-146 2015</subfield><subfield code="d">2016-06-26 20:00:00 US/Eastern</subfield><subfield code="q">2016-06-27 06:59:00 US/Eastern</subfield><subfield code="y">recap</subfield></datafield><datafield tag="876" ind1=" " ind2=" "><subfield code="0">22539144970006421</subfield><subfield code="j">1</subfield><subfield code="z">pa</subfield><subfield code="p">32101086663414</subfield><subfield code="t">1</subfield><subfield code="a">23539144860006421</subfield><subfield code="3">no.123-125 2013</subfield><subfield code="d">2014-08-24 20:00:00 US/Eastern</subfield><subfield code="q">2014-08-25 06:59:00 US/Eastern</subfield><subfield code="y">recap</subfield></datafield><datafield tag="876" ind1=" " ind2=" "><subfield code="0">22539145190006421</subfield><subfield code="j">0</subfield><subfield code="x">TRANSIT</subfield><subfield code="z">cjk</subfield><subfield code="p">32101110498837</subfield><subfield code="a">23942543000006421</subfield><subfield code="3">2020 no. 9-12 </subfield><subfield code="d">2022-09-19 12:59:01 US/Eastern</subfield><subfield code="q">2022-09-19 13:01:17 US/Eastern</subfield><subfield code="y">eastasian</subfield></datafield><datafield tag="876" ind1=" " ind2=" "><subfield code="0">22539144970006421</subfield><subfield code="j">1</subfield><subfield code="z">pa</subfield><subfield code="p">32101081418376</subfield><subfield code="t">1</subfield><subfield code="a">23539144790006421</subfield><subfield code="3">no.130-131 2014</subfield><subfield code="d">2015-03-18 20:00:00 US/Eastern</subfield><subfield code="q">2015-03-19 06:59:00 US/Eastern</subfield><subfield code="y">recap</subfield></datafield><datafield tag="876" ind1=" " ind2=" "><subfield code="0">22539144970006421</subfield><subfield code="j">1</subfield><subfield code="z">pa</subfield><subfield code="p">32101093531406</subfield><subfield code="t">1</subfield><subfield code="a">23539144800006421</subfield><subfield code="3">no.120-122 2013</subfield><subfield code="d">2014-04-03 20:00:00 US/Eastern</subfield><subfield code="q">2014-04-04 06:59:00 US/Eastern</subfield><subfield code="y">recap</subfield></datafield><datafield tag="876" ind1=" " ind2=" "><subfield code="0">22539145190006421</subfield><subfield code="j">1</subfield><subfield code="z">cjk</subfield><subfield code="p">32101108250778</subfield><subfield code="t">1</subfield><subfield code="a">23539145010006421</subfield><subfield code="3">no.189-191 2019</subfield><subfield code="d">2021-04-13 20:00:00 US/Eastern</subfield><subfield code="q">2021-04-14 06:59:00 US/Eastern</subfield><subfield code="y">eastasian</subfield></datafield><datafield tag="876" ind1=" " ind2=" "><subfield code="0">22539144970006421</subfield><subfield code="j">1</subfield><subfield code="z">pa</subfield><subfield code="p">32101100126752</subfield><subfield code="t">1</subfield><subfield code="a">23539145070006421</subfield><subfield code="3">no.171-173 2017</subfield><subfield code="d">2018-07-23 20:00:00 US/Eastern</subfield><subfield code="q">2018-07-24 12:44:40 US/Eastern</subfield><subfield code="y">recap</subfield></datafield><datafield tag="876" ind1=" " ind2=" "><subfield code="0">22539144970006421</subfield><subfield code="j">1</subfield><subfield code="z">pa</subfield><subfield code="p">32101100126786</subfield><subfield code="t">1</subfield><subfield code="a">23539145090006421</subfield><subfield code="3">no.165-167 2017</subfield><subfield code="d">2018-07-23 20:00:00 US/Eastern</subfield><subfield code="q">2018-07-24 12:51:16 US/Eastern</subfield><subfield code="y">recap</subfield></datafield><datafield tag="876" ind1=" " ind2=" "><subfield code="0">22539145190006421</subfield><subfield code="j">1</subfield><subfield code="z">cjk</subfield><subfield code="p">32101114066036</subfield><subfield code="a">231100160970006421</subfield><subfield code="3">2024 no. 9-12 </subfield><subfield code="d">2026-01-13 13:51:14 US/Eastern</subfield><subfield code="q">2026-01-13 13:51:24 US/Eastern</subfield><subfield code="y">eastasian</subfield></datafield><datafield tag="876" ind1=" " ind2=" "><subfield code="0">22539144970006421</subfield><subfield code="j">1</subfield><subfield code="z">pa</subfield><subfield code="p">32101081429605</subfield><subfield code="t">1</subfield><subfield code="a">23539144770006421</subfield><subfield code="3">no.135-137 2014</subfield><subfield code="d">2015-08-12 20:00:00 US/Eastern</subfield><subfield code="q">2015-08-13 06:59:00 US/Eastern</subfield><subfield code="y">recap</subfield></datafield><datafield tag="876" ind1=" " ind2=" "><subfield code="0">22539145190006421</subfield><subfield code="j">1</subfield><subfield code="z">cjk</subfield><subfield code="p">32101115429324</subfield><subfield code="a">231038009890006421</subfield><subfield code="3">2024 no. 1-4 </subfield><subfield code="d">2024-12-20 12:42:59 US/Eastern</subfield><subfield code="q">2024-12-20 12:43:16 US/Eastern</subfield><subfield code="y">eastasian</subfield></datafield><datafield tag="876" ind1=" " ind2=" "><subfield code="0">22539145190006421</subfield><subfield code="j">1</subfield><subfield code="z">cjk</subfield><subfield code="p">32101113448466</subfield><subfield code="t">1</subfield><subfield code="a">23539145040006421</subfield><subfield code="3">no.180-182 2018</subfield><subfield code="d">2019-11-14 19:00:00 US/Eastern</subfield><subfield code="q">2019-11-15 05:59:00 US/Eastern</subfield><subfield code="y">eastasian</subfield></datafield><datafield tag="876" ind1=" " ind2=" "><subfield code="0">22539145190006421</subfield><subfield code="j">1</subfield><subfield code="z">cjk</subfield><subfield code="p">32101114085218</subfield><subfield code="a">23958011050006421</subfield><subfield code="3">2021 no. 9-12 </subfield><subfield code="d">2023-01-06 14:21:09 US/Eastern</subfield><subfield code="q">2023-11-01 13:02:56 US/Eastern</subfield><subfield code="y">eastasian</subfield></datafield><datafield tag="876" ind1=" " ind2=" "><subfield code="0">22539145190006421</subfield><subfield code="j">1</subfield><subfield code="z">cjk</subfield><subfield code="p">32101108250737</subfield><subfield code="t">1</subfield><subfield code="a">23539144980006421</subfield><subfield code="3">2020 no. 5-8</subfield><subfield code="d">2021-04-13 20:00:00 US/Eastern</subfield><subfield code="q">2021-04-14 06:59:00 US/Eastern</subfield><subfield code="y">eastasian</subfield></datafield><datafield tag="876" ind1=" " ind2=" "><subfield code="0">22539145190006421</subfield><subfield code="j">1</subfield><subfield code="z">cjk</subfield><subfield code="p">32101114085200</subfield><subfield code="a">23997426230006421</subfield><subfield code="3">2022 no. 1-4 </subfield><subfield code="d">2023-11-01 13:03:32 US/Eastern</subfield><subfield code="q">2023-11-01 13:03:45 US/Eastern</subfield><subfield code="y">eastasian</subfield></datafield><datafield tag="876" ind1=" " ind2=" "><subfield code="0">22539144970006421</subfield><subfield code="j">1</subfield><subfield code="z">pa</subfield><subfield code="p">32101084811189</subfield><subfield code="t">1</subfield><subfield code="a">23539144890006421</subfield><subfield code="3">no.111-113 2012</subfield><subfield code="d">2013-06-30 20:00:00 US/Eastern</subfield><subfield code="q">2013-07-01 06:59:00 US/Eastern</subfield><subfield code="y">recap</subfield></datafield><datafield tag="876" ind1=" " ind2=" "><subfield code="0">22539144970006421</subfield><subfield code="j">1</subfield><subfield code="z">pa</subfield><subfield code="p">32101099533802</subfield><subfield code="t">1</subfield><subfield code="a">23539145130006421</subfield><subfield code="3">no.154-157 2016</subfield><subfield code="d">2017-03-20 20:00:00 US/Eastern</subfield><subfield code="q">2017-03-21 12:53:09 US/Eastern</subfield><subfield code="y">recap</subfield></datafield><datafield tag="876" ind1=" " ind2=" "><subfield code="0">22539144970006421</subfield><subfield code="j">1</subfield><subfield code="z">pa</subfield><subfield code="p">32101100126802</subfield><subfield code="t">1</subfield><subfield code="a">23539145110006421</subfield><subfield code="3">no.158-161 2016</subfield><subfield code="d">2018-07-23 20:00:00 US/Eastern</subfield><subfield code="q">2018-07-24 12:54:03 US/Eastern</subfield><subfield code="y">recap</subfield></datafield><datafield tag="876" ind1=" " ind2=" "><subfield code="0">22539145190006421</subfield><subfield code="j">1</subfield><subfield code="z">cjk</subfield><subfield code="a">231095444660006421</subfield><subfield code="3">2025 no. 4-7 </subfield><subfield code="d">2025-12-12 14:09:06 US/Eastern</subfield><subfield code="q">2025-12-12 14:09:26 US/Eastern</subfield><subfield code="y">eastasian</subfield></datafield><datafield tag="876" ind1=" " ind2=" "><subfield code="0">22539145190006421</subfield><subfield code="j">1</subfield><subfield code="z">cjk</subfield><subfield code="p">32101115423749</subfield><subfield code="a">231018966700006421</subfield><subfield code="3">2023 no. 9-12 </subfield><subfield code="d">2024-05-15 10:40:45 US/Eastern</subfield><subfield code="q">2024-07-31 13:47:50 US/Eastern</subfield><subfield code="y">eastasian</subfield></datafield><datafield tag="876" ind1=" " ind2=" "><subfield code="0">22539145190006421</subfield><subfield code="j">1</subfield><subfield code="z">cjk</subfield><subfield code="p">32101114085184</subfield><subfield code="a">23997426210006421</subfield><subfield code="3">2022 no. 9-12 </subfield><subfield code="d">2023-11-01 13:04:44 US/Eastern</subfield><subfield code="q">2023-11-01 13:04:55 US/Eastern</subfield><subfield code="y">eastasian</subfield></datafield><datafield tag="876" ind1=" " ind2=" "><subfield code="0">22539144970006421</subfield><subfield code="j">1</subfield><subfield code="z">pa</subfield><subfield code="p">32101086325675</subfield><subfield code="t">1</subfield><subfield code="a">23539144940006421</subfield><subfield code="3">no.96-98 2011</subfield><subfield code="d">2012-06-05 20:00:00 US/Eastern</subfield><subfield code="q">2012-06-06 06:59:00 US/Eastern</subfield><subfield code="y">recap</subfield></datafield><datafield tag="876" ind1=" " ind2=" "><subfield code="0">22539144970006421</subfield><subfield code="j">1</subfield><subfield code="z">pa</subfield><subfield code="p">32101086325659</subfield><subfield code="t">1</subfield><subfield code="a">23539144960006421</subfield><subfield code="3">no.90-92 2011</subfield><subfield code="d">2012-06-05 20:00:00 US/Eastern</subfield><subfield code="q">2012-06-06 06:59:00 US/Eastern</subfield><subfield code="y">recap</subfield></datafield><datafield tag="876" ind1=" " ind2=" "><subfield code="0">22539144970006421</subfield><subfield code="j">1</subfield><subfield code="z">pa</subfield><subfield code="p">32101086734660</subfield><subfield code="t">1</subfield><subfield code="a">23539144830006421</subfield><subfield code="3">no.138-140 2015</subfield><subfield code="d">2015-10-19 20:00:00 US/Eastern</subfield><subfield code="q">2015-10-20 06:59:00 US/Eastern</subfield><subfield code="y">recap</subfield></datafield><datafield tag="876" ind1=" " ind2=" "><subfield code="0">22539144970006421</subfield><subfield code="j">1</subfield><subfield code="z">pa</subfield><subfield code="p">32101049620592</subfield><subfield code="t">1</subfield><subfield code="a">23539144920006421</subfield><subfield code="3">no.102-104 2012</subfield><subfield code="d">2013-02-24 19:00:00 US/Eastern</subfield><subfield code="q">2013-02-25 05:59:00 US/Eastern</subfield><subfield code="y">recap</subfield></datafield><datafield tag="876" ind1=" " ind2=" "><subfield code="0">22539144970006421</subfield><subfield code="j">1</subfield><subfield code="z">pa</subfield><subfield code="p">32101086667936</subfield><subfield code="t">1</subfield><subfield code="a">23539144850006421</subfield><subfield code="3">no.126-127 2014</subfield><subfield code="d">2014-11-05 19:00:00 US/Eastern</subfield><subfield code="q">2014-11-06 05:59:00 US/Eastern</subfield><subfield code="y">recap</subfield></datafield><datafield tag="876" ind1=" " ind2=" "><subfield code="0">22539144970006421</subfield><subfield code="j">1</subfield><subfield code="z">pa</subfield><subfield code="p">32101084811205</subfield><subfield code="t">1</subfield><subfield code="a">23539144900006421</subfield><subfield code="3">no.108-110 2012</subfield><subfield code="d">2013-06-30 20:00:00 US/Eastern</subfield><subfield code="q">2013-07-01 06:59:00 US/Eastern</subfield><subfield code="y">recap</subfield></datafield><datafield tag="876" ind1=" " ind2=" "><subfield code="0">22539144970006421</subfield><subfield code="j">1</subfield><subfield code="z">pa</subfield><subfield code="p">32101095219778</subfield><subfield code="t">1</subfield><subfield code="a">23539144810006421</subfield><subfield code="3">no.147-149 2015</subfield><subfield code="d">2017-01-31 19:00:00 US/Eastern</subfield><subfield code="q">2017-02-01 05:59:00 US/Eastern</subfield><subfield code="y">recap</subfield></datafield><datafield tag="876" ind1=" " ind2=" "><subfield code="0">22539145190006421</subfield><subfield code="j">1</subfield><subfield code="z">cjk</subfield><subfield code="a">231100150600006421</subfield><subfield code="3">2025, no. 1-3 </subfield><subfield code="d">2026-01-13 13:20:00 US/Eastern</subfield><subfield code="q">2026-01-13 13:21:02 US/Eastern</subfield><subfield code="y">eastasian</subfield></datafield><datafield tag="876" ind1=" " ind2=" "><subfield code="0">22539144970006421</subfield><subfield code="j">1</subfield><subfield code="z">pa</subfield><subfield code="p">32101093520987</subfield><subfield code="t">1</subfield><subfield code="a">23539144870006421</subfield><subfield code="3">no.117-119 2013</subfield><subfield code="d">2013-12-19 19:00:00 US/Eastern</subfield><subfield code="q">2013-12-20 05:59:00 US/Eastern</subfield><subfield code="y">recap</subfield></datafield><datafield tag="876" ind1=" " ind2=" "><subfield code="0">22539145190006421</subfield><subfield code="j">1</subfield><subfield code="z">cjk</subfield><subfield code="p">32101108250760</subfield><subfield code="t">1</subfield><subfield code="a">23539145000006421</subfield><subfield code="3">no.192-194 2019</subfield><subfield code="d">2021-04-13 20:00:00 US/Eastern</subfield><subfield code="q">2021-04-14 06:59:00 US/Eastern</subfield><subfield code="y">eastasian</subfield></datafield><datafield tag="876" ind1=" " ind2=" "><subfield code="0">22539144970006421</subfield><subfield code="j">1</subfield><subfield code="z">pa</subfield><subfield code="p">32101081429431</subfield><subfield code="t">1</subfield><subfield code="a">23539144780006421</subfield><subfield code="3">no.132-134 2014</subfield><subfield code="d">2015-08-12 20:00:00 US/Eastern</subfield><subfield code="q">2015-08-13 06:59:00 US/Eastern</subfield><subfield code="y">recap</subfield></datafield><datafield tag="876" ind1=" " ind2=" "><subfield code="0">22539145190006421</subfield><subfield code="j">1</subfield><subfield code="z">cjk</subfield><subfield code="p">32101100126828</subfield><subfield code="t">1</subfield><subfield code="a">23539145060006421</subfield><subfield code="3">no.174-176 2018</subfield><subfield code="d">2018-07-23 20:00:00 US/Eastern</subfield><subfield code="q">2018-07-24 06:59:00 US/Eastern</subfield><subfield code="y">eastasian</subfield></datafield><datafield tag="876" ind1=" " ind2=" "><subfield code="0">22539144970006421</subfield><subfield code="j">1</subfield><subfield code="z">pa</subfield><subfield code="p">32101100126760</subfield><subfield code="t">1</subfield><subfield code="a">23539145080006421</subfield><subfield code="3">no.168-170 2017</subfield><subfield code="d">2018-07-23 20:00:00 US/Eastern</subfield><subfield code="q">2018-07-24 12:50:41 US/Eastern</subfield><subfield code="y">recap</subfield></datafield><datafield tag="876" ind1=" " ind2=" "><subfield code="0">22539145190006421</subfield><subfield code="j">1</subfield><subfield code="z">cjk</subfield><subfield code="p">32101113448441</subfield><subfield code="t">1</subfield><subfield code="a">23539145020006421</subfield><subfield code="3">no.186-188 2019</subfield><subfield code="d">2019-11-14 19:00:00 US/Eastern</subfield><subfield code="q">2019-11-15 05:59:00 US/Eastern</subfield><subfield code="y">eastasian</subfield></datafield><datafield tag="876" ind1=" " ind2=" "><subfield code="0">22539145190006421</subfield><subfield code="j">1</subfield><subfield code="z">cjk</subfield><subfield code="p">32101114066044</subfield><subfield code="a">231100160980006421</subfield><subfield code="3">2024 no. 5-8 </subfield><subfield code="d">2026-01-13 13:49:50 US/Eastern</subfield><subfield code="q">2026-01-13 13:50:06 US/Eastern</subfield><subfield code="y">eastasian</subfield></datafield><datafield tag="876" ind1=" " ind2=" "><subfield code="0">22539144970006421</subfield><subfield code="j">1</subfield><subfield code="z">pa</subfield><subfield code="p">32101099725002</subfield><subfield code="t">1</subfield><subfield code="a">23539144760006421</subfield><subfield code="3">no.141-143 2015</subfield><subfield code="d">2016-06-26 20:00:00 US/Eastern</subfield><subfield code="q">2016-06-27 06:59:00 US/Eastern</subfield><subfield code="y">recap</subfield></datafield></record>