<record><leader>01756cam a2200313   4500</leader><controlfield tag="005">20240718121227.0</controlfield><controlfield tag="008">721116s1972    nyu      b    000 0beng  </controlfield><controlfield tag="001">9914281143506421</controlfield><datafield tag="010" ind1=" " ind2=" "><subfield code="a">   73163574  </subfield></datafield><datafield tag="020" ind1=" " ind2=" "><subfield code="a">0809066831</subfield><subfield code="a">0809014017 (pbk.)</subfield></datafield><datafield tag="035" ind1=" " ind2=" "><subfield code="9">CEH2688TS</subfield></datafield><datafield tag="035" ind1=" " ind2=" "><subfield code="a">(NjP)1428114-princetondb</subfield></datafield><datafield tag="035" ind1=" " ind2=" "><subfield code="z">(NjP)Voyager1428114</subfield></datafield><datafield tag="035" ind1=" " ind2=" "><subfield code="a">(OCoLC)ocm00521596</subfield></datafield><datafield tag="040" ind1=" " ind2=" "><subfield code="a">DLC</subfield><subfield code="b">eng</subfield><subfield code="c">DLC</subfield><subfield code="d">PUL</subfield></datafield><datafield tag="050" ind1="0" ind2=" "><subfield code="a">DC129</subfield><subfield code="b">.W62 1972</subfield></datafield><datafield tag="082" ind1=" " ind2=" "><subfield code="a">944/.033/0924</subfield><subfield code="a">B</subfield></datafield><datafield tag="100" ind1="1" ind2=" "><subfield code="a">Wolf, John B.</subfield><subfield code="q">(John Baptiste),</subfield><subfield code="d">1907-1996,</subfield><subfield code="e">comp.</subfield><subfield code="0">http://id.loc.gov/authorities/names/n50039731</subfield></datafield><datafield tag="245" ind1="0" ind2="0"><subfield code="a">Louis XIV: a profile.</subfield><subfield code="c">Edited by John B. Wolf.</subfield></datafield><datafield tag="250" ind1=" " ind2=" "><subfield code="a">[1st ed.]</subfield></datafield><datafield tag="260" ind1=" " ind2=" "><subfield code="a">New York,</subfield><subfield code="b">Hill and Wang</subfield><subfield code="c">[1972]</subfield></datafield><datafield tag="300" ind1=" " ind2=" "><subfield code="a">xxii, 265 p.</subfield><subfield code="c">21 cm.</subfield></datafield><datafield tag="490" ind1="0" ind2=" "><subfield code="a">World profiles</subfield></datafield><datafield tag="505" ind1="0" ind2=" "><subfield code="a">Wolf, J. B. The formation of a king.--Saint-Léger, A. de, and Sagnac, P. The administrative and military monarchy of Versailles.--André, L. Louis XIV and foreign affairs.--Duke de La Force. The daily life of the great king.--Gaxotte, P. Religious strife and the revocation of the Edict of Nantes.--Wolf, J. B. The cult of the king.--Bertrand, L. The political philosopher.--Bertrand, L. The world of ideas.--Gooch, G. P. The legacy of Louis XIV.--Duke of Saint-Simon. A tolerably great king.--Voltaire. A neo-Augustan age.--Lavisse, E. The self-defeating reign of Louis XIV.--Goubert, P. A man in the universe.--Bibliography (p. 259-260)</subfield></datafield><datafield tag="600" ind1="0" ind2="0"><subfield code="a">Louis</subfield><subfield code="b">XIV,</subfield><subfield code="c">King of France,</subfield><subfield code="d">1638-1715.</subfield><subfield code="0">http://id.loc.gov/authorities/names/n80051801</subfield></datafield><datafield tag="852" ind1="0" ind2=" "><subfield code="b">f</subfield><subfield code="h">DC129</subfield><subfield code="i">.W654 1972</subfield><subfield code="p">1638124</subfield><subfield code="x">reclassed from: 1509.164.597.982.02</subfield></datafield><datafield tag="911" ind1=" " ind2=" "><subfield code="a">19991112</subfield></datafield><datafield tag="914" ind1=" " ind2=" "><subfield code="a">(OCoLC)ocm00521596</subfield><subfield code="b">OCoLC</subfield><subfield code="c">match</subfield><subfield code="d">20240710</subfield><subfield code="e">processed</subfield><subfield code="f">521596</subfield></datafield><datafield tag="947" ind1=" " ind2=" "><subfield code="a">CEH2688</subfield></datafield><datafield tag="950" ind1=" " ind2=" "><subfield code="c">2024-07-18 12:12:27 US/Eastern</subfield><subfield code="b">2021-07-12 14:03:40 US/Eastern</subfield><subfield code="a">false</subfield></datafield><datafield tag="852" ind1="0" ind2="0"><subfield code="b">firestone</subfield><subfield code="c">stacks</subfield><subfield code="h">DC129</subfield><subfield code="i">.W654 1972</subfield><subfield code="8">22541845950006421</subfield></datafield><datafield tag="952" ind1=" " ind2=" "><subfield code="a">2021-07-12 18:03:40</subfield><subfield code="8">22541845950006421</subfield><subfield code="b">Firestone Library</subfield><subfield code="c">stacks: Firestone Library</subfield><subfield code="e">false</subfield></datafield><datafield tag="876" ind1=" " ind2=" "><subfield code="0">22541845950006421</subfield><subfield code="j">0</subfield><subfield code="x">LOAN</subfield><subfield code="z">stacks</subfield><subfield code="p">32101002587457</subfield><subfield code="t">1</subfield><subfield code="a">23541845940006421</subfield><subfield code="d">2000-06-12 20:00:00 US/Eastern</subfield><subfield code="q">2000-06-13 06:59:00 US/Eastern</subfield><subfield code="y">firestone</subfield></datafield></record>