<record><leader>01635cam a2200349 a 4500</leader><controlfield tag="005">20240815093919.0</controlfield><controlfield tag="008">990518s1998    oncab    b    000 0 eng d</controlfield><controlfield tag="001">9922566623506421</controlfield><datafield tag="035" ind1=" " ind2=" "><subfield code="a">(CStRLIN)NJPG99-B27537</subfield></datafield><datafield tag="035" ind1=" " ind2=" "><subfield code="9">CKG4277TS</subfield></datafield><datafield tag="035" ind1=" " ind2=" "><subfield code="a">(NjP)2256662-princetondb</subfield></datafield><datafield tag="035" ind1=" " ind2=" "><subfield code="a">(OCoLC)ocm41663293</subfield></datafield><datafield tag="035" ind1=" " ind2=" "><subfield code="z">(NjP)Voyager2256662</subfield></datafield><datafield tag="040" ind1=" " ind2=" "><subfield code="a">LHM</subfield><subfield code="b">eng</subfield><subfield code="c">LHM</subfield><subfield code="d">IXA</subfield></datafield><datafield tag="245" ind1="0" ind2="4"><subfield code="a">The Story of two shtetls :</subfield><subfield code="b">Brańsk and Ejszyszki : an overview of Polish-Jewish relations in Northeastern Poland during World War II ; a collective work.</subfield></datafield><datafield tag="260" ind1=" " ind2=" "><subfield code="a">Toronto ;</subfield><subfield code="a">Chicago :</subfield><subfield code="b">Polish Educational Foundation in North America,</subfield><subfield code="c">1998.</subfield></datafield><datafield tag="300" ind1=" " ind2=" "><subfield code="a">2 v. :</subfield><subfield code="b">ill., maps ;</subfield><subfield code="c">22 cm.</subfield></datafield><datafield tag="504" ind1=" " ind2=" "><subfield code="a">Includes bibliographical references.</subfield></datafield><datafield tag="505" ind1="0" ind2=" "><subfield code="a">pt. 1. Brańsk -- pt. 2. Ejszyszki.</subfield></datafield><datafield tag="651" ind1=" " ind2="0"><subfield code="a">Brańsk (Poland)</subfield><subfield code="x">History.</subfield></datafield><datafield tag="651" ind1=" " ind2="0"><subfield code="a">Brańsk (Poland)</subfield><subfield code="x">Ethnic relations.</subfield></datafield><datafield tag="630" ind1="0" ind2="0"><subfield code="a">Shtetl (Television program)</subfield><subfield code="0">http://id.loc.gov/authorities/names/no98091347</subfield></datafield><datafield tag="650" ind1=" " ind2="0"><subfield code="a">Antisemitism</subfield><subfield code="z">Poland</subfield><subfield code="z">Brańsk.</subfield></datafield><datafield tag="650" ind1=" " ind2="0"><subfield code="a">Jews</subfield><subfield code="z">Poland</subfield><subfield code="z">Brańsk.</subfield></datafield><datafield tag="651" ind1=" " ind2="0"><subfield code="a">Eišiškės (Lithuania)</subfield><subfield code="x">History.</subfield></datafield><datafield tag="651" ind1=" " ind2="0"><subfield code="a">Eišiškės (Lithuania)</subfield><subfield code="x">Ethnic Relations.</subfield></datafield><datafield tag="650" ind1=" " ind2="0"><subfield code="a">Antisemitism</subfield><subfield code="z">Lithuania</subfield><subfield code="z">Eišiškės.</subfield></datafield><datafield tag="710" ind1="2" ind2=" "><subfield code="a">Polish Educational Foundation in North America.</subfield><subfield code="0">http://id.loc.gov/authorities/names/n97056529</subfield></datafield><datafield tag="911" ind1=" " ind2=" "><subfield code="a">19990527</subfield></datafield><datafield tag="912" ind1=" " ind2=" "><subfield code="a">19990518000000.0</subfield></datafield><datafield tag="914" ind1=" " ind2=" "><subfield code="a">(OCoLC)ocm41663293</subfield><subfield code="b">OCoLC</subfield><subfield code="c">match</subfield><subfield code="d">20221117</subfield><subfield code="e">processed</subfield><subfield code="f">41663293</subfield></datafield><datafield tag="998" ind1=" " ind2=" "><subfield code="a">05/18/99</subfield><subfield code="s">9115</subfield><subfield code="n">NjP</subfield><subfield code="w">NYCGANN9300B</subfield><subfield code="d">05/18/99</subfield><subfield code="c">DF</subfield><subfield code="b">DF</subfield><subfield code="i">990518</subfield><subfield code="l">NJPG</subfield></datafield><datafield tag="950" ind1=" " ind2=" "><subfield code="c">2024-08-16 04:26:25 US/Eastern</subfield><subfield code="b">2021-07-12 10:15:41 US/Eastern</subfield><subfield code="a">false</subfield></datafield><datafield tag="852" ind1="0" ind2="1"><subfield code="b">recap</subfield><subfield code="c">pa</subfield><subfield code="h">DK4800.B75</subfield><subfield code="i">S867 1998</subfield><subfield code="8">22500584420006421</subfield></datafield><datafield tag="866" ind1=" " ind2="0"><subfield code="a">Pt. 1-pt. 2</subfield><subfield code="8">22500584420006421</subfield></datafield><datafield tag="952" ind1=" " ind2=" "><subfield code="a">2021-07-12 14:15:41</subfield><subfield code="8">22500584420006421</subfield><subfield code="b">ReCAP</subfield><subfield code="c">rcppa: RECAP</subfield><subfield code="e">false</subfield></datafield><datafield tag="876" ind1=" " ind2=" "><subfield code="0">22500584420006421</subfield><subfield code="j">0</subfield><subfield code="x">ILL</subfield><subfield code="z">IN_RS_REQ</subfield><subfield code="p">32101082570761</subfield><subfield code="t">1</subfield><subfield code="a">23500584410006421</subfield><subfield code="3">pt.1</subfield><subfield code="d">2000-06-12 20:00:00 US/Eastern</subfield><subfield code="q">2000-06-13 06:59:00 US/Eastern</subfield><subfield code="y">RES_SHARE</subfield></datafield><datafield tag="876" ind1=" " ind2=" "><subfield code="0">22500584420006421</subfield><subfield code="j">1</subfield><subfield code="z">pa</subfield><subfield code="p">32101082570779</subfield><subfield code="t">1</subfield><subfield code="a">23500584400006421</subfield><subfield code="3">pt.2</subfield><subfield code="d">2000-06-12 20:00:00 US/Eastern</subfield><subfield code="q">2000-06-13 06:59:00 US/Eastern</subfield><subfield code="y">recap</subfield></datafield></record>