<record><leader>01693cam a2200409 a 4500</leader><controlfield tag="005">20240820105534.0</controlfield><controlfield tag="008">020711s2001    gw a     b    010 0 ger c</controlfield><controlfield tag="001">9936990053506421</controlfield><datafield tag="016" ind1="7" ind2=" "><subfield code="a">961578963</subfield><subfield code="2">GyFmDB</subfield></datafield><datafield tag="020" ind1=" " ind2=" "><subfield code="a">3932324560 (pbk.)</subfield></datafield><datafield tag="035" ind1=" " ind2=" "><subfield code="a">(WaOLN)M160000258</subfield></datafield><datafield tag="035" ind1=" " ind2=" "><subfield code="a">(CStRLIN)NYPGR50052294-B</subfield></datafield><datafield tag="035" ind1=" " ind2=" "><subfield code="a">(GyWOH)har010065314</subfield></datafield><datafield tag="035" ind1=" " ind2=" "><subfield code="a">(NjP)3699005-princetondb</subfield></datafield><datafield tag="035" ind1=" " ind2=" "><subfield code="a">(OCoLC)ocm50052294</subfield></datafield><datafield tag="035" ind1=" " ind2=" "><subfield code="z">(NjP)Voyager3699005</subfield></datafield><datafield tag="035" ind1=" " ind2=" "><subfield code="z">(NjP)Voyager3699005</subfield></datafield><datafield tag="040" ind1=" " ind2=" "><subfield code="a">*OHX*</subfield><subfield code="b">eng</subfield><subfield code="c">*OHX*</subfield><subfield code="d">CLU</subfield><subfield code="d">NN</subfield><subfield code="d">OCoLC</subfield><subfield code="d">CStRLIN</subfield></datafield><datafield tag="042" ind1=" " ind2=" "><subfield code="a">pcc</subfield></datafield><datafield tag="050" ind1=" " ind2="4"><subfield code="a">CB19</subfield><subfield code="b">.S96 2001</subfield></datafield><datafield tag="072" ind1=" " ind2="7"><subfield code="a">B</subfield><subfield code="2">lcco</subfield></datafield><datafield tag="245" ind1="0" ind2="0"><subfield code="a">Symbolisches Flanieren :</subfield><subfield code="b">kulturphilosophische Streifzüge : Festschrift für Heinz Paetzold zum 60. /</subfield><subfield code="c">Roger Behrens, Kai Kresse, Ronnie M. Peplow (Hg.).</subfield></datafield><datafield tag="250" ind1=" " ind2=" "><subfield code="a">1. Aufl.</subfield></datafield><datafield tag="260" ind1=" " ind2=" "><subfield code="a">Hannover :</subfield><subfield code="b">Wehrhahn,</subfield><subfield code="c">2001.</subfield></datafield><datafield tag="300" ind1=" " ind2=" "><subfield code="a">335 p. :</subfield><subfield code="b">ill. ;</subfield><subfield code="c">21 cm.</subfield></datafield><datafield tag="504" ind1=" " ind2=" "><subfield code="a">Includes bibliographical references.</subfield></datafield><datafield tag="650" ind1=" " ind2="0"><subfield code="a">Civilization</subfield><subfield code="x">Philosophy.</subfield><subfield code="0">http://id.loc.gov/authorities/subjects/sh85026429</subfield></datafield><datafield tag="650" ind1=" " ind2="0"><subfield code="a">Philosophy, Modern</subfield><subfield code="y">20th century.</subfield><subfield code="0">http://id.loc.gov/authorities/subjects/sh85100964</subfield></datafield><datafield tag="700" ind1="1" ind2=" "><subfield code="a">Paetzold, Heinz.</subfield><subfield code="0">http://id.loc.gov/authorities/names/n84068236</subfield></datafield><datafield tag="700" ind1="1" ind2=" "><subfield code="a">Behrens, Roger,</subfield><subfield code="d">1967-</subfield><subfield code="0">http://id.loc.gov/authorities/names/n97026106</subfield></datafield><datafield tag="700" ind1="1" ind2=" "><subfield code="a">Kresse, Kai.</subfield><subfield code="0">http://id.loc.gov/authorities/names/n97037184</subfield></datafield><datafield tag="700" ind1="1" ind2=" "><subfield code="a">Peplow, Ronnie M.</subfield><subfield code="q">(Ronnie Michael)</subfield><subfield code="0">http://id.loc.gov/authorities/names/n98045673</subfield></datafield><datafield tag="902" ind1=" " ind2=" "><subfield code="a">st17</subfield><subfield code="b">l</subfield><subfield code="6">a</subfield><subfield code="7">m</subfield><subfield code="d">v</subfield><subfield code="f">1</subfield><subfield code="e">20040316</subfield></datafield><datafield tag="904" ind1=" " ind2=" "><subfield code="a">st6</subfield><subfield code="b">a</subfield><subfield code="h">m</subfield><subfield code="c">b</subfield><subfield code="e">20020806</subfield></datafield><datafield tag="914" ind1=" " ind2=" "><subfield code="a">(OCoLC)ocm50052294</subfield><subfield code="b">OCoLC</subfield><subfield code="c">match</subfield><subfield code="d">20221117</subfield><subfield code="e">processed</subfield><subfield code="f">50052294</subfield></datafield><datafield tag="998" ind1=" " ind2=" "><subfield code="s">9115</subfield></datafield><datafield tag="999" ind1=" " ind2=" "><subfield code="a">3699005</subfield></datafield><datafield tag="950" ind1=" " ind2=" "><subfield code="c">2024-08-20 10:55:34 US/Eastern</subfield><subfield code="b">2021-07-12 13:24:56 US/Eastern</subfield><subfield code="a">false</subfield></datafield><datafield tag="852" ind1="0" ind2=" "><subfield code="b">recap</subfield><subfield code="c">pa</subfield><subfield code="h">CB19</subfield><subfield code="i">.S96 2001</subfield><subfield code="8">22534793590006421</subfield></datafield><datafield tag="952" ind1=" " ind2=" "><subfield code="a">2021-07-12 17:24:56</subfield><subfield code="8">22534793590006421</subfield><subfield code="b">ReCAP</subfield><subfield code="c">rcppa: RECAP</subfield><subfield code="e">false</subfield></datafield><datafield tag="876" ind1=" " ind2=" "><subfield code="0">22534793590006421</subfield><subfield code="j">0</subfield><subfield code="x">ILL</subfield><subfield code="z">IN_RS_REQ</subfield><subfield code="p">32101088459233</subfield><subfield code="t">1</subfield><subfield code="a">23534793580006421</subfield><subfield code="d">2002-08-05 20:00:00 US/Eastern</subfield><subfield code="q">2002-08-06 06:59:00 US/Eastern</subfield><subfield code="y">RES_SHARE</subfield></datafield></record>