<record><leader>03288cam a2200613 i 4500</leader><controlfield tag="005">20240718132620.0</controlfield><controlfield tag="008">210220s2020    gw a     b    001 0 eng d</controlfield><controlfield tag="001">99123183733506421</controlfield><datafield tag="010" ind1=" " ind2=" "><subfield code="a">  2020560371</subfield></datafield><datafield tag="020" ind1=" " ind2=" "><subfield code="a">3631669429</subfield></datafield><datafield tag="020" ind1=" " ind2=" "><subfield code="a">9783631669426</subfield><subfield code="q">(Print)</subfield></datafield><datafield tag="020" ind1=" " ind2=" "><subfield code="z">9783653065534</subfield><subfield code="q">(E-PDF)</subfield></datafield><datafield tag="020" ind1=" " ind2=" "><subfield code="z">9783631707227</subfield><subfield code="q">(EPUB)</subfield></datafield><datafield tag="020" ind1=" " ind2=" "><subfield code="z">9783631707234</subfield><subfield code="q">(MOBI)</subfield></datafield><datafield tag="035" ind1=" " ind2=" "><subfield code="a">(GyWOH)har200194593</subfield></datafield><datafield tag="035" ind1=" " ind2=" "><subfield code="a">(NjP)12318373-princetondb</subfield></datafield><datafield tag="035" ind1=" " ind2=" "><subfield code="z">(NjP)Voyager12318373</subfield></datafield><datafield tag="035" ind1=" " ind2=" "><subfield code="a">(OCoLC)on1144095551</subfield></datafield><datafield tag="040" ind1=" " ind2=" "><subfield code="a">YDX</subfield><subfield code="b">eng</subfield><subfield code="e">rda</subfield><subfield code="c">DLC</subfield><subfield code="d">OCLCO</subfield></datafield><datafield tag="041" ind1="1" ind2=" "><subfield code="a">eng</subfield><subfield code="h">pol</subfield></datafield><datafield tag="042" ind1=" " ind2=" "><subfield code="a">lccopycat</subfield></datafield><datafield tag="043" ind1=" " ind2=" "><subfield code="a">e-pl---</subfield></datafield><datafield tag="050" ind1="0" ind2="0"><subfield code="a">ML297.5</subfield><subfield code="b">.W5413 2020</subfield></datafield><datafield tag="082" ind1="0" ind2="4"><subfield code="a">940.5</subfield></datafield><datafield tag="100" ind1="1" ind2=" "><subfield code="a">Wieczorek, Sławomir,</subfield><subfield code="e">author.</subfield></datafield><datafield tag="240" ind1="1" ind2="0"><subfield code="a">Na froncie muzyk.</subfield><subfield code="l">English</subfield></datafield><datafield tag="245" ind1="1" ind2="0"><subfield code="a">On the music front :</subfield><subfield code="b">socialist-realist discourse on music in Poland, 1948 to 1955 /</subfield><subfield code="c">Sławomir Wieczorek ; translated by Robert Curry.</subfield></datafield><datafield tag="264" ind1=" " ind2="1"><subfield code="a">Berlin ;</subfield><subfield code="a">New York :</subfield><subfield code="b">Peter Lang,</subfield><subfield code="c">[2020]</subfield></datafield><datafield tag="300" ind1=" " ind2=" "><subfield code="a">290 pages :</subfield><subfield code="b">illustrations ;</subfield><subfield code="c">22 cm.</subfield></datafield><datafield tag="336" ind1=" " ind2=" "><subfield code="a">text</subfield><subfield code="b">txt</subfield><subfield code="2">rdacontent</subfield></datafield><datafield tag="337" ind1=" " ind2=" "><subfield code="a">unmediated</subfield><subfield code="b">n</subfield><subfield code="2">rdamedia</subfield></datafield><datafield tag="338" ind1=" " ind2=" "><subfield code="a">volume</subfield><subfield code="b">nc</subfield><subfield code="2">rdacarrier</subfield></datafield><datafield tag="490" ind1="1" ind2=" "><subfield code="a">Eastern European studies in musicology ;</subfield><subfield code="v">volume 18</subfield></datafield><datafield tag="500" ind1=" " ind2=" "><subfield code="a">Translated from the Polish.</subfield></datafield><datafield tag="504" ind1=" " ind2=" "><subfield code="a">Includes bibliographical refererences (pages 253-283) and index.</subfield></datafield><datafield tag="520" ind1="8" ind2=" "><subfield code="a">On the Music Front. Socialist-Realist Discourse on Music in Poland, 1948-1955 is a monograph on one of the key aspects of Poland's musical culture during the Stalinist period. Among the many texts analysed in this book are addresses given by leading party officials, minutes of musical meetings and conferences, talks before informal 'get-to-know-the-music' concerts, and papers on aesthetics and music history. Detailed discussion is devoted to the musicological works of Zofia Lissa, to productions of Stanisław Moniuszko's operas directed by Leon Schiller, to museum exhibitions on music history, and to the mega-production of the Polish Socialist-Realist film, Chopin's Youth, directed by Aleksander Ford.</subfield></datafield><datafield tag="505" ind1="0" ind2=" "><subfield code="a">Introductory issues -- Discourse on contemporary music : a hierarchy of statements -- Discourse on aesthetics and music theory : exegeses and rationalized legitimizations -- Discourse on music history : hagiography and legitimizing narratives -- Conclusion.</subfield></datafield><datafield tag="650" ind1=" " ind2="0"><subfield code="a">Music</subfield><subfield code="z">Poland</subfield><subfield code="y">20th century</subfield><subfield code="x">History and criticism.</subfield></datafield><datafield tag="650" ind1=" " ind2="0"><subfield code="a">Socialist realism in music.</subfield></datafield><datafield tag="650" ind1=" " ind2="0"><subfield code="a">Music and state.</subfield></datafield><datafield tag="650" ind1=" " ind2="0"><subfield code="a">Music</subfield><subfield code="x">Philosophy and aesthetics.</subfield></datafield><datafield tag="650" ind1=" " ind2="7"><subfield code="a">Music.</subfield><subfield code="2">fast</subfield><subfield code="0">(OCoLC)fst01030269</subfield></datafield><datafield tag="650" ind1=" " ind2="7"><subfield code="a">Socialist realism in music.</subfield><subfield code="2">fast</subfield><subfield code="0">(OCoLC)fst01123753</subfield></datafield><datafield tag="651" ind1=" " ind2="7"><subfield code="a">Poland.</subfield><subfield code="2">fast</subfield><subfield code="0">(OCoLC)fst01206891</subfield></datafield><datafield tag="650" ind1=" " ind2="7"><subfield code="a">Musikleben</subfield><subfield code="2">gnd</subfield><subfield code="0">(DE-588)4075128-4</subfield></datafield><datafield tag="611" ind1="2" ind2="7"><subfield code="a">Pariser Friedenskonferenz</subfield><subfield code="d">1919-1920</subfield><subfield code="c">Paris</subfield><subfield code="e">Polish Delegation</subfield><subfield code="2">gnd</subfield><subfield code="0">(DE-588)1165906457</subfield></datafield><datafield tag="648" ind1=" " ind2="7"><subfield code="a">1900-1999</subfield><subfield code="2">fast</subfield></datafield><datafield tag="655" ind1=" " ind2="7"><subfield code="a">Criticism, interpretation, etc.</subfield><subfield code="2">fast</subfield><subfield code="0">(OCoLC)fst01411635</subfield></datafield><datafield tag="700" ind1="1" ind2=" "><subfield code="a">Curry, Robert,</subfield><subfield code="d">1952 September 26-</subfield><subfield code="e">translator.</subfield></datafield><datafield tag="830" ind1=" " ind2="0"><subfield code="a">Eastern European studies in musicology ;</subfield><subfield code="v">vol. 18.</subfield></datafield><datafield tag="902" ind1=" " ind2=" "><subfield code="a">pd</subfield><subfield code="b">l</subfield><subfield code="6">a</subfield><subfield code="7">m</subfield><subfield code="d">v</subfield><subfield code="f">1</subfield><subfield code="e">20210507</subfield></datafield><datafield tag="904" ind1=" " ind2=" "><subfield code="a">rp</subfield><subfield code="b">a</subfield><subfield code="h">m</subfield><subfield code="c">b</subfield><subfield code="e">20210426</subfield></datafield><datafield tag="914" ind1=" " ind2=" "><subfield code="a">(OCoLC)on1144095551</subfield><subfield code="b">OCoLC</subfield><subfield code="c">match</subfield><subfield code="d">20240710</subfield><subfield code="e">processed</subfield><subfield code="f">1144095551</subfield></datafield><datafield tag="999" ind1=" " ind2=" "><subfield code="a">12318373</subfield></datafield><datafield tag="950" ind1=" " ind2=" "><subfield code="c">2024-07-18 13:26:21 US/Eastern</subfield><subfield code="b">2021-07-13 02:28:21 US/Eastern</subfield><subfield code="a">false</subfield></datafield><datafield tag="852" ind1="0" ind2=" "><subfield code="b">recap</subfield><subfield code="c">pa</subfield><subfield code="h">ML297.5</subfield><subfield code="i">.W5413 2020</subfield><subfield code="8">22676345040006421</subfield></datafield><datafield tag="952" ind1=" " ind2=" "><subfield code="a">2021-07-13 06:28:21</subfield><subfield code="8">22676345040006421</subfield><subfield code="b">ReCAP</subfield><subfield code="c">rcppa: RECAP</subfield><subfield code="e">false</subfield></datafield><datafield tag="876" ind1=" " ind2=" "><subfield code="0">22676345040006421</subfield><subfield code="j">0</subfield><subfield code="x">ILL</subfield><subfield code="z">IN_RS_REQ</subfield><subfield code="p">32101102385976</subfield><subfield code="t">0</subfield><subfield code="a">23676345030006421</subfield><subfield code="d">2021-04-25 20:00:00 US/Eastern</subfield><subfield code="q">2021-04-26 06:59:00 US/Eastern</subfield><subfield code="y">RES_SHARE</subfield></datafield></record>