<record><leader>03139cas a2200577Ii 4500</leader><controlfield tag="005">20240916144505.0</controlfield><controlfield tag="008">181008c20189999cc qr p o     0    0chi d</controlfield><controlfield tag="001">99109867733506421</controlfield><datafield tag="019" ind1=" " ind2=" "><subfield code="a">1056110250</subfield></datafield><datafield tag="022" ind1=" " ind2=" "><subfield code="a">2096-4587</subfield></datafield><datafield tag="035" ind1=" " ind2=" "><subfield code="a">(NjP)10986773-princetondb</subfield></datafield><datafield tag="035" ind1=" " ind2=" "><subfield code="z">(OCoLC)1056110250</subfield></datafield><datafield tag="035" ind1=" " ind2=" "><subfield code="a">(OCoLC)on1340486766</subfield></datafield><datafield tag="035" ind1=" " ind2=" "><subfield code="z">(NjP)Voyager10986773</subfield></datafield><datafield tag="035" ind1=" " ind2=" "><subfield code="z">(NjP)Voyager10986773</subfield></datafield><datafield tag="040" ind1=" " ind2=" "><subfield code="a">PUL</subfield><subfield code="b">eng</subfield><subfield code="e">rda</subfield><subfield code="c">PUL</subfield></datafield><datafield tag="043" ind1=" " ind2=" "><subfield code="a">a-cc---</subfield><subfield code="a">a-ja---</subfield></datafield><datafield tag="049" ind1=" " ind2=" "><subfield code="a">PULL</subfield></datafield><datafield tag="090" ind1=" " ind2=" "><subfield code="a">DS797.56.N365</subfield><subfield code="b">M364622</subfield></datafield><datafield tag="245" ind1="0" ind2="0"><subfield code="6">880-01</subfield><subfield code="a">Riben qin Hua Nanjing da tu sha yan jiu =</subfield><subfield code="b">Journal of Japanese Invasion of China and Nanjing Massacre.</subfield></datafield><datafield tag="880" ind1="0" ind2="0"><subfield code="6">245-01</subfield><subfield code="a">日本侵华南京大屠杀研究 =</subfield><subfield code="b">Journal of Japanese Invasion of China and Nanjing Massacre.</subfield></datafield><datafield tag="246" ind1="3" ind2="1"><subfield code="a">Journal of Japanese Invasion of China and Nanjing Massacre</subfield></datafield><datafield tag="264" ind1=" " ind2="1"><subfield code="6">880-02</subfield><subfield code="a">Nanjing :</subfield><subfield code="b">Nanjing chu ban she,</subfield><subfield code="c">2018-</subfield></datafield><datafield tag="880" ind1=" " ind2="1"><subfield code="6">264-02</subfield><subfield code="a">南京 :</subfield><subfield code="b">南京出版社,</subfield><subfield code="c">2018-</subfield></datafield><datafield tag="300" ind1=" " ind2=" "><subfield code="a">volumes :</subfield><subfield code="c">29 cm</subfield></datafield><datafield tag="310" ind1=" " ind2=" "><subfield code="a">Quarterly,</subfield><subfield code="b">2018-</subfield></datafield><datafield tag="336" ind1=" " ind2=" "><subfield code="a">text</subfield><subfield code="2">rdacontent</subfield></datafield><datafield tag="337" ind1=" " ind2=" "><subfield code="a">unmediated</subfield><subfield code="2">rdamedia</subfield></datafield><datafield tag="338" ind1=" " ind2=" "><subfield code="a">volume</subfield><subfield code="2">rdacarrier</subfield></datafield><datafield tag="550" ind1=" " ind2=" "><subfield code="6">880-03</subfield><subfield code="a">Sponsored by: Qin Hua Ri jun Nanjing da tu sha yu nan tong bao ji nian guan.</subfield></datafield><datafield tag="880" ind1=" " ind2=" "><subfield code="6">550-03</subfield><subfield code="a">Sponsored by: 侵华日军南京大屠杀遇难同胞纪念馆.</subfield></datafield><datafield tag="583" ind1=" " ind2=" "><subfield code="a">Committed to retain</subfield><subfield code="d">in perpetuity</subfield><subfield code="f">ReCAP</subfield><subfield code="f">Chinese Serials Collaborative Collection</subfield><subfield code="5">[MH, NjP, NN, or NNC]</subfield><subfield code="u">http://arks.princeton.edu/ark:/88435/dcxg94j1575</subfield></datafield><datafield tag="588" ind1="0" ind2=" "><subfield code="6">880-04</subfield><subfield code="a">2018, 1 = zong di 1 qi; title from title page.</subfield></datafield><datafield tag="880" ind1="0" ind2=" "><subfield code="6">588-04</subfield><subfield code="a">2018, 1 = 总第1期; title from title page.</subfield></datafield><datafield tag="588" ind1="1" ind2=" "><subfield code="a">Latest issue consulted: 2018, 2.</subfield></datafield><datafield tag="650" ind1=" " ind2="0"><subfield code="a">Sino-Japanese War, 1937-1945</subfield><subfield code="v">Periodicals.</subfield><subfield code="0">http://id.loc.gov/authorities/subjects/sh2010113174</subfield></datafield><datafield tag="650" ind1=" " ind2="0"><subfield code="a">Nanking Massacre, Nanjing, Jiangsu Sheng, China, 1937</subfield><subfield code="v">Periodicals.</subfield></datafield><datafield tag="611" ind1="2" ind2="7"><subfield code="a">Nanking Massacre (Jiangsu Sheng, China : 1937)</subfield><subfield code="2">fast</subfield><subfield code="0">(OCoLC)fst01032604</subfield></datafield><datafield tag="611" ind1="2" ind2="7"><subfield code="a">Sino-Japanese War (1937-1945)</subfield><subfield code="2">fast</subfield><subfield code="0">(OCoLC)fst01431391</subfield></datafield><datafield tag="651" ind1=" " ind2="7"><subfield code="a">China</subfield><subfield code="z">Nanjing (Jiangsu Sheng)</subfield><subfield code="2">fast</subfield><subfield code="0">(OCoLC)fst01328614</subfield></datafield><datafield tag="648" ind1=" " ind2="7"><subfield code="a">1937-1945</subfield><subfield code="2">fast</subfield></datafield><datafield tag="655" ind1=" " ind2="7"><subfield code="a">Periodicals.</subfield><subfield code="2">fast</subfield><subfield code="0">(OCoLC)fst01411641</subfield></datafield><datafield tag="655" ind1=" " ind2="7"><subfield code="a">Periodicals.</subfield><subfield code="2">lcgft</subfield><subfield code="0">http://id.loc.gov/authorities/genreForms/gf2014026139</subfield></datafield><datafield tag="710" ind1="2" ind2=" "><subfield code="6">880-05</subfield><subfield code="a">Qin Hua Ri jun Nanjing da tu sha yu nan tong bao ji nian guan.</subfield><subfield code="0">http://id.loc.gov/authorities/names/nr98032821</subfield></datafield><datafield tag="880" ind1="2" ind2=" "><subfield code="6">710-05</subfield><subfield code="a">侵华日军南京大屠杀遇难同胞纪念馆.</subfield></datafield><datafield tag="780" ind1="0" ind2="0"><subfield code="6">880-06</subfield><subfield code="t">Riben qin Hua shi yan jiu 0</subfield><subfield code="d">2013-2017</subfield><subfield code="w">(OCoLC)884267199</subfield></datafield><datafield tag="880" ind1="0" ind2="0"><subfield code="6">780-06</subfield><subfield code="t">日本侵华史研究</subfield><subfield code="d">2013-2017</subfield><subfield code="w">(OCoLC)884267199</subfield></datafield><datafield tag="902" ind1=" " ind2=" "><subfield code="a">csw</subfield><subfield code="s">csw</subfield><subfield code="b">o</subfield><subfield code="6">a</subfield><subfield code="7">s</subfield><subfield code="d">v</subfield><subfield code="f">0</subfield><subfield code="e">20181008</subfield></datafield><datafield tag="914" ind1=" " ind2=" "><subfield code="a">(OCoLC)on1340486766</subfield><subfield code="b">OCoLC</subfield><subfield code="c">create</subfield><subfield code="d">20221117</subfield><subfield code="e">processed</subfield><subfield code="f">1340486766</subfield></datafield><datafield tag="919" ind1=" " ind2=" "><subfield code="a">(OCoLC)on1039718707</subfield></datafield><datafield tag="994" ind1=" " ind2=" "><subfield code="a">C0</subfield><subfield code="b">PUL</subfield></datafield><datafield tag="950" ind1=" " ind2=" "><subfield code="c">2025-04-21 05:24:44 US/Eastern</subfield><subfield code="b">2021-07-12 11:13:42 US/Eastern</subfield><subfield code="a">false</subfield></datafield><datafield tag="852" ind1="0" ind2=" "><subfield code="b">eastasian</subfield><subfield code="c">cjk</subfield><subfield code="h">DS797.56.N365</subfield><subfield code="i">M364622</subfield><subfield code="8">22510985770006421</subfield></datafield><datafield tag="866" ind1=" " ind2="0"><subfield code="a">2018 no. 1-2024 no. 4</subfield><subfield code="8">22510985770006421</subfield></datafield><datafield tag="866" ind1=" " ind2="0"><subfield code="z">LACKS: 2018 no. 4</subfield><subfield code="8">22510985770006421</subfield></datafield><datafield tag="866" ind1=" " ind2="0"><subfield code="z">CURRENT ISSUES IN: East Asian Library (Gest)</subfield><subfield code="8">22510985770006421</subfield></datafield><datafield tag="952" ind1=" " ind2=" "><subfield code="d">2025-10-28 18:49:20</subfield><subfield code="8">22510985770006421</subfield><subfield code="a">2021-07-12 15:13:42</subfield><subfield code="b">East Asian Library</subfield><subfield code="c">cjk: East Asian Library</subfield><subfield code="e">false</subfield></datafield><datafield tag="852" ind1="0" ind2=" "><subfield code="b">recap</subfield><subfield code="c">pa</subfield><subfield code="h">DS797.56.N365</subfield><subfield code="i">M364622</subfield><subfield code="8">221023490370006421</subfield></datafield><datafield tag="952" ind1=" " ind2=" "><subfield code="d">2024-07-19 14:27:09</subfield><subfield code="8">221023490370006421</subfield><subfield code="a">2024-07-19 14:27:09</subfield><subfield code="b">ReCAP</subfield><subfield code="c">rcppa: RECAP</subfield><subfield code="e">false</subfield></datafield><datafield tag="876" ind1=" " ind2=" "><subfield code="0">22510985770006421</subfield><subfield code="j">1</subfield><subfield code="z">cjk</subfield><subfield code="p">32101114064775</subfield><subfield code="a">231091525640006421</subfield><subfield code="3">2024 </subfield><subfield code="d">2025-10-28 14:50:18 US/Eastern</subfield><subfield code="q">2025-10-28 14:50:33 US/Eastern</subfield><subfield code="y">eastasian</subfield></datafield><datafield tag="876" ind1=" " ind2=" "><subfield code="0">22510985770006421</subfield><subfield code="j">1</subfield><subfield code="z">cjk</subfield><subfield code="p">32101110497227</subfield><subfield code="a">23941744040006421</subfield><subfield code="3">2018 no. 1-3 </subfield><subfield code="d">2022-09-12 15:14:43 US/Eastern</subfield><subfield code="q">2022-09-12 15:19:28 US/Eastern</subfield><subfield code="y">eastasian</subfield></datafield><datafield tag="876" ind1=" " ind2=" "><subfield code="0">22510985770006421</subfield><subfield code="j">1</subfield><subfield code="z">cjk</subfield><subfield code="p">32101115488569</subfield><subfield code="a">23989298250006421</subfield><subfield code="3">2023 </subfield><subfield code="d">2023-08-04 10:22:56 US/Eastern</subfield><subfield code="q">2024-05-02 10:51:13 US/Eastern</subfield><subfield code="y">eastasian</subfield></datafield><datafield tag="876" ind1=" " ind2=" "><subfield code="0">22510985770006421</subfield><subfield code="j">1</subfield><subfield code="z">cjk</subfield><subfield code="p">32101110497144</subfield><subfield code="a">23941744020006421</subfield><subfield code="3">2020 </subfield><subfield code="d">2022-09-12 15:17:55 US/Eastern</subfield><subfield code="q">2022-09-12 15:18:12 US/Eastern</subfield><subfield code="y">eastasian</subfield></datafield><datafield tag="876" ind1=" " ind2=" "><subfield code="0">22510985770006421</subfield><subfield code="j">1</subfield><subfield code="z">cjk</subfield><subfield code="p">32101110497136</subfield><subfield code="a">23941744000006421</subfield><subfield code="3">2021 </subfield><subfield code="d">2022-09-12 15:19:34 US/Eastern</subfield><subfield code="q">2022-09-12 15:21:15 US/Eastern</subfield><subfield code="y">eastasian</subfield></datafield><datafield tag="876" ind1=" " ind2=" "><subfield code="0">22510985770006421</subfield><subfield code="j">1</subfield><subfield code="z">cjk</subfield><subfield code="p">32101114087768</subfield><subfield code="a">23958077310006421</subfield><subfield code="3">2022 </subfield><subfield code="d">2023-01-10 15:27:59 US/Eastern</subfield><subfield code="q">2023-11-28 12:24:26 US/Eastern</subfield><subfield code="y">eastasian</subfield></datafield><datafield tag="876" ind1=" " ind2=" "><subfield code="0">22510985770006421</subfield><subfield code="j">1</subfield><subfield code="z">cjk</subfield><subfield code="p">32101110497219</subfield><subfield code="a">23941744030006421</subfield><subfield code="3">2019 </subfield><subfield code="d">2022-09-12 15:17:00 US/Eastern</subfield><subfield code="q">2022-09-12 15:17:49 US/Eastern</subfield><subfield code="y">eastasian</subfield></datafield></record>