<record><leader>02180cas a2200409 a 4500</leader><controlfield tag="005">20240919132949.0</controlfield><controlfield tag="008">900710d19872023cc br p       0   e0chi d</controlfield><controlfield tag="001">9931192193506421</controlfield><datafield tag="022" ind1=" " ind2=" "><subfield code="a">1003-7462</subfield></datafield><datafield tag="035" ind1=" " ind2=" "><subfield code="a">(CStRLIN)NJPX90-S257</subfield></datafield><datafield tag="035" ind1=" " ind2=" "><subfield code="a">(NjP)3119219-princetondb</subfield></datafield><datafield tag="035" ind1=" " ind2=" "><subfield code="a">(OCoLC)ocm25609030</subfield></datafield><datafield tag="035" ind1=" " ind2=" "><subfield code="z">(NjP)Voyager3119219</subfield></datafield><datafield tag="040" ind1=" " ind2=" "><subfield code="a">CU</subfield><subfield code="b">eng</subfield><subfield code="c">CU</subfield><subfield code="d">NjP-G</subfield><subfield code="d">CStRLIN</subfield></datafield><datafield tag="066" ind1=" " ind2=" "><subfield code="c">$1</subfield></datafield><datafield tag="090" ind1=" " ind2=" "><subfield code="a">AS452.K82</subfield><subfield code="b">A24 no.80-</subfield><subfield code="i">05/17/04 T</subfield><subfield code="h">06/02/00 T</subfield><subfield code="h">02/23/00 T</subfield><subfield code="h">03/09/99 T</subfield><subfield code="h">08/19/97 T</subfield><subfield code="h">06/02/97 T</subfield><subfield code="h">01/18/96 T</subfield><subfield code="h">06/20/95 T</subfield><subfield code="h">10/26/92 T</subfield><subfield code="h">10/03/90 T</subfield></datafield><datafield tag="245" ind1="0" ind2="0"><subfield code="6">880-01</subfield><subfield code="a">Ling nan xue kan =</subfield><subfield code="b">Lingnan journal.</subfield></datafield><datafield tag="880" ind1="0" ind2="0"><subfield code="6">245-01/$1</subfield><subfield code="a">岭南学刊 =</subfield><subfield code="b">Lingnan journal.</subfield></datafield><datafield tag="246" ind1="3" ind2="1"><subfield code="a">Lingnan journal</subfield></datafield><datafield tag="260" ind1=" " ind2=" "><subfield code="6">880-02</subfield><subfield code="a">Guangzhou :</subfield><subfield code="b">Ling nan xue kan bian ji bu,</subfield></datafield><datafield tag="880" ind1=" " ind2=" "><subfield code="6">260-02/$1</subfield><subfield code="a">广州　:</subfield><subfield code="b">岭南学刊编辑部，</subfield></datafield><datafield tag="300" ind1=" " ind2=" "><subfield code="a">v. ;</subfield><subfield code="c">26 cm.</subfield></datafield><datafield tag="310" ind1=" " ind2=" "><subfield code="a">Bimonthly,</subfield><subfield code="b">-2023</subfield></datafield><datafield tag="362" ind1="0" ind2=" "><subfield code="a">1987-2023</subfield></datafield><datafield tag="583" ind1="1" ind2=" "><subfield code="a">Committed to retain</subfield><subfield code="d">in perpetuity</subfield><subfield code="f">ReCAP</subfield><subfield code="f">Chinese Serials Collaborative Collection</subfield><subfield code="5">[MH, NjP, NN, or NNC]</subfield><subfield code="u">http://arks.princeton.edu/ark:/88435/dcxg94j1575</subfield></datafield><datafield tag="588" ind1=" " ind2=" "><subfield code="a">Description based on: 1988 nian di 1 qi = Zong di 92 qi (1988 nian 1 yue [Jan. 1988]); title from cover.</subfield></datafield><datafield tag="550" ind1=" " ind2=" "><subfield code="a">Sponsored by: Zhong gong Guangdong sheng wei dang xiao.</subfield></datafield><datafield tag="710" ind1="2" ind2=" "><subfield code="6">880-03</subfield><subfield code="a">Zhong gong Guangdong Sheng wei.</subfield><subfield code="b">Dang xiao.</subfield><subfield code="0">http://id.loc.gov/authorities/names/n80052449</subfield></datafield><datafield tag="880" ind1="2" ind2=" "><subfield code="6">710-03/$1</subfield><subfield code="a">中共广东省委党校．</subfield></datafield><datafield tag="780" ind1="0" ind2="0"><subfield code="6">880-04</subfield><subfield code="a">Li lun yu jiao xue.</subfield></datafield><datafield tag="880" ind1="0" ind2="0"><subfield code="6">780-04/$1</subfield><subfield code="a">理论与教学．</subfield></datafield><datafield tag="914" ind1=" " ind2=" "><subfield code="a">(OCoLC)ocm25609030</subfield><subfield code="b">OCoLC</subfield><subfield code="c">match</subfield><subfield code="d">20221117</subfield><subfield code="e">processed</subfield><subfield code="f">25609030</subfield></datafield><datafield tag="950" ind1=" " ind2=" "><subfield code="l">C</subfield><subfield code="v">No.80 (1987)-106,110-163 (1999)</subfield><subfield code="n">#9</subfield><subfield code="n">#50</subfield><subfield code="p">2</subfield></datafield><datafield tag="955" ind1=" " ind2=" "><subfield code="l">C</subfield><subfield code="c">1:(no.134-139 1995)</subfield><subfield code="q">Gest A40269</subfield><subfield code="r">32101032868802</subfield><subfield code="h">10/03/90 C</subfield></datafield><datafield tag="955" ind1=" " ind2=" "><subfield code="l">C</subfield><subfield code="c">1:(no.140-145 1996)</subfield><subfield code="r">32101033234673</subfield><subfield code="h">08/19/97 C</subfield></datafield><datafield tag="987" ind1=" " ind2=" "><subfield code="a">PINYIN</subfield><subfield code="b">CStRLIN</subfield><subfield code="c">20010423</subfield><subfield code="d">c</subfield><subfield code="e">1.1</subfield></datafield><datafield tag="998" ind1=" " ind2=" "><subfield code="a">05/17/04</subfield><subfield code="t">c</subfield><subfield code="s">9114</subfield><subfield code="n">NjP-G</subfield><subfield code="w">NJPX90S257</subfield><subfield code="d">02/23/00</subfield><subfield code="c">FSW</subfield><subfield code="b">SML</subfield><subfield code="i">040517</subfield><subfield code="h">000602</subfield><subfield code="h">000223</subfield><subfield code="h">990309</subfield><subfield code="h">970819</subfield><subfield code="h">970602</subfield><subfield code="h">960118</subfield><subfield code="h">950620</subfield><subfield code="h">921026</subfield><subfield code="h">901003</subfield><subfield code="l">NJPX</subfield></datafield><datafield tag="950" ind1=" " ind2=" "><subfield code="c">2024-09-19 13:29:49 US/Eastern</subfield><subfield code="b">2021-07-12 14:34:55 US/Eastern</subfield><subfield code="a">false</subfield></datafield><datafield tag="852" ind1="0" ind2=" "><subfield code="b">eastasian</subfield><subfield code="c">cjk</subfield><subfield code="h">AS452.K82</subfield><subfield code="i">A24</subfield><subfield code="8">22547757270006421</subfield></datafield><datafield tag="866" ind1=" " ind2="0"><subfield code="a">No. 200 (2006)-no. 265 (2016) ; 2017 no. 1-2023 no. 5</subfield><subfield code="8">22547757270006421</subfield></datafield><datafield tag="866" ind1=" " ind2="0"><subfield code="z">LACKS: 2023 no. 6</subfield><subfield code="8">22547757270006421</subfield></datafield><datafield tag="952" ind1=" " ind2=" "><subfield code="d">2025-10-14 18:00:03</subfield><subfield code="8">22547757270006421</subfield><subfield code="a">2021-07-12 18:34:55</subfield><subfield code="b">East Asian Library</subfield><subfield code="c">cjk: East Asian Library</subfield><subfield code="e">false</subfield></datafield><datafield tag="852" ind1="0" ind2=" "><subfield code="b">recap</subfield><subfield code="c">pa</subfield><subfield code="h">AS452.K82</subfield><subfield code="i">A24</subfield><subfield code="8">22547757020006421</subfield></datafield><datafield tag="866" ind1=" " ind2="0"><subfield code="a">No. 80 (1987)-no. 199 (2005)</subfield><subfield code="8">22547757020006421</subfield></datafield><datafield tag="952" ind1=" " ind2=" "><subfield code="d">2024-11-05 15:47:28</subfield><subfield code="8">22547757020006421</subfield><subfield code="a">2021-07-12 18:34:55</subfield><subfield code="b">ReCAP</subfield><subfield code="c">rcppa: RECAP</subfield><subfield code="e">false</subfield></datafield><datafield tag="876" ind1=" " ind2=" "><subfield code="0">22547757020006421</subfield><subfield code="j">1</subfield><subfield code="z">pa</subfield><subfield code="p">32101075464949</subfield><subfield code="t">1</subfield><subfield code="a">23547756890006421</subfield><subfield code="3">no.140-145 1996</subfield><subfield code="d">2011-08-24 20:00:00 US/Eastern</subfield><subfield code="q">2011-08-25 06:59:00 US/Eastern</subfield><subfield code="y">recap</subfield></datafield><datafield tag="876" ind1=" " ind2=" "><subfield code="0">22547757020006421</subfield><subfield code="j">1</subfield><subfield code="z">pa</subfield><subfield code="p">32101108319508</subfield><subfield code="t">1</subfield><subfield code="a">23547757030006421</subfield><subfield code="3">2019 </subfield><subfield code="d">2021-03-03 19:00:00 US/Eastern</subfield><subfield code="q">2021-03-04 13:09:45 US/Eastern</subfield><subfield code="y">recap</subfield></datafield><datafield tag="876" ind1=" " ind2=" "><subfield code="0">22547757020006421</subfield><subfield code="j">1</subfield><subfield code="z">pa</subfield><subfield code="p">32101075413508</subfield><subfield code="t">1</subfield><subfield code="a">23547757200006421</subfield><subfield code="3">no.212-217 2008</subfield><subfield code="d">2010-04-18 20:00:00 US/Eastern</subfield><subfield code="q">2010-04-19 06:59:00 US/Eastern</subfield><subfield code="y">recap</subfield></datafield><datafield tag="876" ind1=" " ind2=" "><subfield code="0">22547757020006421</subfield><subfield code="j">1</subfield><subfield code="z">pa</subfield><subfield code="p">32101056741612</subfield><subfield code="t">1</subfield><subfield code="a">23547756970006421</subfield><subfield code="3">no.188-193 2004</subfield><subfield code="d">2005-06-22 20:00:00 US/Eastern</subfield><subfield code="q">2005-06-23 06:59:00 US/Eastern</subfield><subfield code="y">recap</subfield></datafield><datafield tag="876" ind1=" " ind2=" "><subfield code="0">22547757020006421</subfield><subfield code="j">1</subfield><subfield code="z">pa</subfield><subfield code="p">32101043814407</subfield><subfield code="t">1</subfield><subfield code="a">23547756980006421</subfield><subfield code="3">no.170-175 2001</subfield><subfield code="d">2002-09-09 20:00:00 US/Eastern</subfield><subfield code="q">2002-09-10 06:59:00 US/Eastern</subfield><subfield code="y">recap</subfield></datafield><datafield tag="876" ind1=" " ind2=" "><subfield code="0">22547757020006421</subfield><subfield code="j">1</subfield><subfield code="z">pa</subfield><subfield code="p">32101075464972</subfield><subfield code="t">1</subfield><subfield code="a">23547756990006421</subfield><subfield code="3">no.158-163 1999</subfield><subfield code="d">2000-06-12 20:00:00 US/Eastern</subfield><subfield code="q">2000-06-13 06:59:00 US/Eastern</subfield><subfield code="y">recap</subfield></datafield><datafield tag="876" ind1=" " ind2=" "><subfield code="0">22547757020006421</subfield><subfield code="j">1</subfield><subfield code="z">pa</subfield><subfield code="p">32101059149896</subfield><subfield code="t">1</subfield><subfield code="a">23547756960006421</subfield><subfield code="3">no.194-199 2005</subfield><subfield code="d">2006-07-18 20:00:00 US/Eastern</subfield><subfield code="q">2006-07-19 06:59:00 US/Eastern</subfield><subfield code="y">recap</subfield></datafield><datafield tag="876" ind1=" " ind2=" "><subfield code="0">22547757020006421</subfield><subfield code="j">1</subfield><subfield code="z">pa</subfield><subfield code="p">32101050178928</subfield><subfield code="t">1</subfield><subfield code="a">23547756870006421</subfield><subfield code="3">no.182-187 2003</subfield><subfield code="d">2004-05-16 20:00:00 US/Eastern</subfield><subfield code="q">2004-05-17 06:59:00 US/Eastern</subfield><subfield code="y">recap</subfield></datafield><datafield tag="876" ind1=" " ind2=" "><subfield code="0">22547757020006421</subfield><subfield code="j">1</subfield><subfield code="z">pa</subfield><subfield code="p">32101075464980</subfield><subfield code="t">1</subfield><subfield code="a">23547756880006421</subfield><subfield code="3">no.164-169 2000</subfield><subfield code="d">2001-08-05 20:00:00 US/Eastern</subfield><subfield code="q">2001-08-06 06:59:00 US/Eastern</subfield><subfield code="y">recap</subfield></datafield><datafield tag="876" ind1=" " ind2=" "><subfield code="0">22547757020006421</subfield><subfield code="j">1</subfield><subfield code="z">pa</subfield><subfield code="p">32101095362206</subfield><subfield code="t">1</subfield><subfield code="a">23547757100006421</subfield><subfield code="3">no.254-256 2015</subfield><subfield code="d">2016-02-02 19:00:00 US/Eastern</subfield><subfield code="q">2016-02-03 05:59:00 US/Eastern</subfield><subfield code="y">recap</subfield></datafield><datafield tag="876" ind1=" " ind2=" "><subfield code="0">22547757270006421</subfield><subfield code="j">1</subfield><subfield code="z">cjk</subfield><subfield code="p">32101115489344</subfield><subfield code="a">231018965810006421</subfield><subfield code="3">2022 no. 1, 3-6 </subfield><subfield code="d">2024-05-15 13:34:23 US/Eastern</subfield><subfield code="q">2024-05-15 13:34:45 US/Eastern</subfield><subfield code="y">eastasian</subfield></datafield><datafield tag="876" ind1=" " ind2=" "><subfield code="0">22547757020006421</subfield><subfield code="j">1</subfield><subfield code="z">pa</subfield><subfield code="p">32101086641014</subfield><subfield code="t">1</subfield><subfield code="a">23547757110006421</subfield><subfield code="3">no.251-253 2014</subfield><subfield code="d">2015-10-20 20:00:00 US/Eastern</subfield><subfield code="q">2015-10-21 06:59:00 US/Eastern</subfield><subfield code="y">recap</subfield></datafield><datafield tag="876" ind1=" " ind2=" "><subfield code="0">22547757020006421</subfield><subfield code="j">1</subfield><subfield code="z">pa</subfield><subfield code="p">32101081187831</subfield><subfield code="t">1</subfield><subfield code="a">23547757120006421</subfield><subfield code="3">no.248-250 2014</subfield><subfield code="d">2014-10-02 20:00:00 US/Eastern</subfield><subfield code="q">2014-10-03 06:59:00 US/Eastern</subfield><subfield code="y">recap</subfield></datafield><datafield tag="876" ind1=" " ind2=" "><subfield code="0">22547757020006421</subfield><subfield code="j">1</subfield><subfield code="z">pa</subfield><subfield code="p">32101086658570</subfield><subfield code="t">1</subfield><subfield code="a">23547757130006421</subfield><subfield code="3">no.242-244 2013</subfield><subfield code="d">2014-06-02 20:00:00 US/Eastern</subfield><subfield code="q">2014-06-03 06:59:00 US/Eastern</subfield><subfield code="y">recap</subfield></datafield><datafield tag="876" ind1=" " ind2=" "><subfield code="0">22547757020006421</subfield><subfield code="j">1</subfield><subfield code="z">pa</subfield><subfield code="p">32101086658547</subfield><subfield code="t">1</subfield><subfield code="a">23547757140006421</subfield><subfield code="3">no.245-247 2013</subfield><subfield code="d">2014-06-02 20:00:00 US/Eastern</subfield><subfield code="q">2014-06-03 06:59:00 US/Eastern</subfield><subfield code="y">recap</subfield></datafield><datafield tag="876" ind1=" " ind2=" "><subfield code="0">22547757020006421</subfield><subfield code="j">1</subfield><subfield code="z">pa</subfield><subfield code="p">32101108319532</subfield><subfield code="t">1</subfield><subfield code="a">23547757060006421</subfield><subfield code="3">no.263-265 2016</subfield><subfield code="d">2021-03-03 19:00:00 US/Eastern</subfield><subfield code="q">2021-03-04 05:59:00 US/Eastern</subfield><subfield code="y">recap</subfield></datafield><datafield tag="876" ind1=" " ind2=" "><subfield code="0">22547757020006421</subfield><subfield code="j">1</subfield><subfield code="z">pa</subfield><subfield code="p">32101080959016</subfield><subfield code="t">1</subfield><subfield code="a">23547756850006421</subfield><subfield code="3">no.116-121 1992</subfield><subfield code="d">2011-08-24 20:00:00 US/Eastern</subfield><subfield code="q">2011-08-25 06:59:00 US/Eastern</subfield><subfield code="y">recap</subfield></datafield><datafield tag="876" ind1=" " ind2=" "><subfield code="0">22547757020006421</subfield><subfield code="j">1</subfield><subfield code="z">pa</subfield><subfield code="p">32101080959008</subfield><subfield code="t">1</subfield><subfield code="a">23547756860006421</subfield><subfield code="3">no.110-115 1991</subfield><subfield code="d">2011-08-24 20:00:00 US/Eastern</subfield><subfield code="q">2011-08-25 06:59:00 US/Eastern</subfield><subfield code="y">recap</subfield></datafield><datafield tag="876" ind1=" " ind2=" "><subfield code="0">22547757020006421</subfield><subfield code="j">1</subfield><subfield code="z">pa</subfield><subfield code="p">32101108319524</subfield><subfield code="t">1</subfield><subfield code="a">23547757050006421</subfield><subfield code="3">2017 </subfield><subfield code="d">2021-03-03 19:00:00 US/Eastern</subfield><subfield code="q">2021-03-04 13:09:19 US/Eastern</subfield><subfield code="y">recap</subfield></datafield><datafield tag="876" ind1=" " ind2=" "><subfield code="0">22547757020006421</subfield><subfield code="j">1</subfield><subfield code="z">pa</subfield><subfield code="p">32101080406638</subfield><subfield code="t">1</subfield><subfield code="a">23547757070006421</subfield><subfield code="3">no.236-238 2012</subfield><subfield code="d">2015-07-23 20:00:00 US/Eastern</subfield><subfield code="q">2015-07-24 06:59:00 US/Eastern</subfield><subfield code="y">recap</subfield></datafield><datafield tag="876" ind1=" " ind2=" "><subfield code="0">22547757020006421</subfield><subfield code="j">1</subfield><subfield code="z">pa</subfield><subfield code="p">32101108319516</subfield><subfield code="t">1</subfield><subfield code="a">23547757040006421</subfield><subfield code="3">2018 </subfield><subfield code="d">2021-03-03 19:00:00 US/Eastern</subfield><subfield code="q">2021-03-04 13:09:30 US/Eastern</subfield><subfield code="y">recap</subfield></datafield><datafield tag="876" ind1=" " ind2=" "><subfield code="0">22547757020006421</subfield><subfield code="j">1</subfield><subfield code="z">pa</subfield><subfield code="p">32101099532119</subfield><subfield code="t">1</subfield><subfield code="a">23547757080006421</subfield><subfield code="3">no.260-262 2016</subfield><subfield code="d">2017-03-12 20:00:00 US/Eastern</subfield><subfield code="q">2017-03-13 06:59:00 US/Eastern</subfield><subfield code="y">recap</subfield></datafield><datafield tag="876" ind1=" " ind2=" "><subfield code="0">22547757020006421</subfield><subfield code="j">1</subfield><subfield code="z">pa</subfield><subfield code="p">32101075464964</subfield><subfield code="t">1</subfield><subfield code="a">23547757000006421</subfield><subfield code="3">no.152-157 1998</subfield><subfield code="d">2000-06-12 20:00:00 US/Eastern</subfield><subfield code="q">2000-06-13 06:59:00 US/Eastern</subfield><subfield code="y">recap</subfield></datafield><datafield tag="876" ind1=" " ind2=" "><subfield code="0">22547757020006421</subfield><subfield code="j">1</subfield><subfield code="z">pa</subfield><subfield code="p">32101075464956</subfield><subfield code="t">1</subfield><subfield code="a">23547757010006421</subfield><subfield code="3">no.146-151 1997</subfield><subfield code="d">2000-06-12 20:00:00 US/Eastern</subfield><subfield code="q">2000-06-13 06:59:00 US/Eastern</subfield><subfield code="y">recap</subfield></datafield><datafield tag="876" ind1=" " ind2=" "><subfield code="0">22547757020006421</subfield><subfield code="j">1</subfield><subfield code="z">pa</subfield><subfield code="p">32101081847780</subfield><subfield code="t">1</subfield><subfield code="a">23547757180006421</subfield><subfield code="3">no.224-229 2010</subfield><subfield code="d">2012-01-30 19:00:00 US/Eastern</subfield><subfield code="q">2012-01-31 05:59:00 US/Eastern</subfield><subfield code="y">recap</subfield></datafield><datafield tag="876" ind1=" " ind2=" "><subfield code="0">22547757020006421</subfield><subfield code="j">1</subfield><subfield code="z">pa</subfield><subfield code="p">32101075464931</subfield><subfield code="t">1</subfield><subfield code="a">23547756900006421</subfield><subfield code="3">no.134-139 1995</subfield><subfield code="d">2011-08-24 20:00:00 US/Eastern</subfield><subfield code="q">2011-08-25 06:59:00 US/Eastern</subfield><subfield code="y">recap</subfield></datafield><datafield tag="876" ind1=" " ind2=" "><subfield code="0">22547757020006421</subfield><subfield code="j">1</subfield><subfield code="z">pa</subfield><subfield code="p">32101048734998</subfield><subfield code="t">1</subfield><subfield code="a">23547756830006421</subfield><subfield code="3">no.176-181 2002</subfield><subfield code="d">2003-06-15 20:00:00 US/Eastern</subfield><subfield code="q">2003-06-16 06:59:00 US/Eastern</subfield><subfield code="y">recap</subfield></datafield><datafield tag="876" ind1=" " ind2=" "><subfield code="0">22547757020006421</subfield><subfield code="j">1</subfield><subfield code="z">pa</subfield><subfield code="p">32101075464923</subfield><subfield code="t">1</subfield><subfield code="a">23547756910006421</subfield><subfield code="3">no.128-133 1994</subfield><subfield code="d">2011-08-24 20:00:00 US/Eastern</subfield><subfield code="q">2011-08-25 06:59:00 US/Eastern</subfield><subfield code="y">recap</subfield></datafield><datafield tag="876" ind1=" " ind2=" "><subfield code="0">22547757270006421</subfield><subfield code="j">1</subfield><subfield code="z">cjk</subfield><subfield code="p">32101115426353</subfield><subfield code="a">231030516240006421</subfield><subfield code="3">2022 no. 2 </subfield><subfield code="d">2024-10-09 12:14:27 US/Eastern</subfield><subfield code="q">2024-10-09 12:14:45 US/Eastern</subfield><subfield code="y">eastasian</subfield></datafield><datafield tag="876" ind1=" " ind2=" "><subfield code="0">22547757020006421</subfield><subfield code="j">1</subfield><subfield code="z">pa</subfield><subfield code="p">32101099721332</subfield><subfield code="t">1</subfield><subfield code="a">23547757090006421</subfield><subfield code="3">no.257-259 2015</subfield><subfield code="d">2016-05-16 20:00:00 US/Eastern</subfield><subfield code="q">2016-05-17 06:59:00 US/Eastern</subfield><subfield code="y">recap</subfield></datafield><datafield tag="876" ind1=" " ind2=" "><subfield code="0">22547757020006421</subfield><subfield code="j">1</subfield><subfield code="z">pa</subfield><subfield code="p">32101080958992</subfield><subfield code="t">1</subfield><subfield code="a">23547756920006421</subfield><subfield code="3">no.104-109 1990</subfield><subfield code="d">2011-08-24 20:00:00 US/Eastern</subfield><subfield code="q">2011-08-25 06:59:00 US/Eastern</subfield><subfield code="y">recap</subfield></datafield><datafield tag="876" ind1=" " ind2=" "><subfield code="0">22547757020006421</subfield><subfield code="j">1</subfield><subfield code="z">pa</subfield><subfield code="p">32101075464915</subfield><subfield code="t">1</subfield><subfield code="a">23547756840006421</subfield><subfield code="3">no.122-127 1993</subfield><subfield code="d">2011-08-24 20:00:00 US/Eastern</subfield><subfield code="q">2011-08-25 06:59:00 US/Eastern</subfield><subfield code="y">recap</subfield></datafield><datafield tag="876" ind1=" " ind2=" "><subfield code="0">22547757020006421</subfield><subfield code="j">1</subfield><subfield code="z">pa</subfield><subfield code="p">32101093200135</subfield><subfield code="t">1</subfield><subfield code="a">23547757170006421</subfield><subfield code="3">no.230-232 2011</subfield><subfield code="d">2013-09-09 20:00:00 US/Eastern</subfield><subfield code="q">2013-09-10 06:59:00 US/Eastern</subfield><subfield code="y">recap</subfield></datafield><datafield tag="876" ind1=" " ind2=" "><subfield code="0">22547757020006421</subfield><subfield code="j">1</subfield><subfield code="z">pa</subfield><subfield code="p">32101078974951</subfield><subfield code="t">1</subfield><subfield code="a">23547757190006421</subfield><subfield code="3">no.218-223 2009</subfield><subfield code="d">2010-10-06 20:00:00 US/Eastern</subfield><subfield code="q">2010-10-07 06:59:00 US/Eastern</subfield><subfield code="y">recap</subfield></datafield><datafield tag="876" ind1=" " ind2=" "><subfield code="0">22547757020006421</subfield><subfield code="j">1</subfield><subfield code="z">pa</subfield><subfield code="p">32101093200119</subfield><subfield code="t">1</subfield><subfield code="a">23547757150006421</subfield><subfield code="3">no.239-241 2012</subfield><subfield code="d">2013-09-09 20:00:00 US/Eastern</subfield><subfield code="q">2013-09-10 06:59:00 US/Eastern</subfield><subfield code="y">recap</subfield></datafield><datafield tag="876" ind1=" " ind2=" "><subfield code="0">22547757020006421</subfield><subfield code="j">1</subfield><subfield code="z">pa</subfield><subfield code="p">32101093200127</subfield><subfield code="t">1</subfield><subfield code="a">23547757160006421</subfield><subfield code="3">no.233-235 2011</subfield><subfield code="d">2013-09-09 20:00:00 US/Eastern</subfield><subfield code="q">2013-09-10 06:59:00 US/Eastern</subfield><subfield code="y">recap</subfield></datafield><datafield tag="876" ind1=" " ind2=" "><subfield code="0">22547757020006421</subfield><subfield code="j">1</subfield><subfield code="z">pa</subfield><subfield code="p">32101080958976</subfield><subfield code="t">1</subfield><subfield code="a">23547756940006421</subfield><subfield code="3">no.92-97 1988</subfield><subfield code="d">2011-08-24 20:00:00 US/Eastern</subfield><subfield code="q">2011-08-25 06:59:00 US/Eastern</subfield><subfield code="y">recap</subfield></datafield><datafield tag="876" ind1=" " ind2=" "><subfield code="0">22547757020006421</subfield><subfield code="j">1</subfield><subfield code="z">pa</subfield><subfield code="p">32101080958984</subfield><subfield code="t">1</subfield><subfield code="a">23547756930006421</subfield><subfield code="3">no.98-103 1989</subfield><subfield code="d">2011-08-24 20:00:00 US/Eastern</subfield><subfield code="q">2011-08-25 06:59:00 US/Eastern</subfield><subfield code="y">recap</subfield></datafield><datafield tag="876" ind1=" " ind2=" "><subfield code="0">22547757020006421</subfield><subfield code="j">1</subfield><subfield code="z">pa</subfield><subfield code="p">32101080958968</subfield><subfield code="t">1</subfield><subfield code="a">23547756950006421</subfield><subfield code="3">no.80-91 1987</subfield><subfield code="d">2011-08-24 20:00:00 US/Eastern</subfield><subfield code="q">2011-08-25 06:59:00 US/Eastern</subfield><subfield code="y">recap</subfield></datafield><datafield tag="876" ind1=" " ind2=" "><subfield code="0">22547757020006421</subfield><subfield code="j">1</subfield><subfield code="z">pa</subfield><subfield code="p">32101063086399</subfield><subfield code="t">1</subfield><subfield code="a">23547757220006421</subfield><subfield code="3">no.200-205 2006</subfield><subfield code="d">2007-10-21 20:00:00 US/Eastern</subfield><subfield code="q">2007-10-22 06:59:00 US/Eastern</subfield><subfield code="y">recap</subfield></datafield><datafield tag="876" ind1=" " ind2=" "><subfield code="0">22547757020006421</subfield><subfield code="j">1</subfield><subfield code="z">pa</subfield><subfield code="p">32101066006907</subfield><subfield code="t">1</subfield><subfield code="a">23547757210006421</subfield><subfield code="3">no.206-211 2007</subfield><subfield code="d">2008-12-28 19:00:00 US/Eastern</subfield><subfield code="q">2008-12-29 05:59:00 US/Eastern</subfield><subfield code="y">recap</subfield></datafield><datafield tag="876" ind1=" " ind2=" "><subfield code="0">22547757270006421</subfield><subfield code="j">1</subfield><subfield code="z">cjk</subfield><subfield code="p">32101114064379</subfield><subfield code="a">231090553370006421</subfield><subfield code="3">2023 no. 1-5 </subfield><subfield code="d">2025-10-14 14:01:31 US/Eastern</subfield><subfield code="q">2025-10-14 14:02:32 US/Eastern</subfield><subfield code="y">eastasian</subfield></datafield><datafield tag="876" ind1=" " ind2=" "><subfield code="0">22547757020006421</subfield><subfield code="j">1</subfield><subfield code="z">pa</subfield><subfield code="p">32101117973261</subfield><subfield code="a">23966419950006421</subfield><subfield code="3">2020 </subfield><subfield code="d">2023-03-21 13:08:13 US/Eastern</subfield><subfield code="q">2023-03-21 13:08:32 US/Eastern</subfield><subfield code="y">recap</subfield></datafield><datafield tag="876" ind1=" " ind2=" "><subfield code="0">22547757020006421</subfield><subfield code="j">1</subfield><subfield code="z">pa</subfield><subfield code="p">32101117973253</subfield><subfield code="a">23966419940006421</subfield><subfield code="3">2021 </subfield><subfield code="d">2023-03-21 13:09:52 US/Eastern</subfield><subfield code="q">2023-03-21 13:10:03 US/Eastern</subfield><subfield code="y">recap</subfield></datafield></record>