<record><leader>02316cas a2200457 a 4500</leader><controlfield tag="005">20240906122148.0</controlfield><controlfield tag="008">880428c19869999cc br p       0   e0chi d</controlfield><controlfield tag="001">9930908993506421</controlfield><datafield tag="022" ind1=" " ind2=" "><subfield code="a">1002-2627</subfield></datafield><datafield tag="035" ind1=" " ind2=" "><subfield code="a">(CStRLIN)NJPX88-S182</subfield></datafield><datafield tag="035" ind1=" " ind2=" "><subfield code="a">(NjP)3090899-princetondb</subfield></datafield><datafield tag="035" ind1=" " ind2=" "><subfield code="a">(OCoLC)ocm17644634</subfield></datafield><datafield tag="035" ind1=" " ind2=" "><subfield code="z">(NjP)Voyager3090899</subfield></datafield><datafield tag="040" ind1=" " ind2=" "><subfield code="a">NIC</subfield><subfield code="b">eng</subfield><subfield code="c">NIC</subfield><subfield code="d">NjP-G</subfield><subfield code="d">CStRLIN</subfield></datafield><datafield tag="041" ind1="0" ind2=" "><subfield code="a">chi</subfield><subfield code="f">eng</subfield></datafield><datafield tag="066" ind1=" " ind2=" "><subfield code="c">$1</subfield></datafield><datafield tag="090" ind1=" " ind2=" "><subfield code="a">B128</subfield><subfield code="b">.K86</subfield><subfield code="i">11/14/03 T</subfield><subfield code="h">06/10/02 T</subfield><subfield code="h">05/01/00 T</subfield><subfield code="h">02/05/99 T</subfield><subfield code="h">08/26/97 T</subfield><subfield code="h">09/09/96 T</subfield><subfield code="h">02/07/96 T</subfield><subfield code="h">06/20/95 T</subfield><subfield code="h">11/09/89 CT</subfield></datafield><datafield tag="245" ind1="0" ind2="0"><subfield code="6">880-01</subfield><subfield code="a">Kongzi yan jiu =</subfield><subfield code="b">Confucius studies /</subfield><subfield code="c">"Kongzi yan jiu" bian ji bu.</subfield></datafield><datafield tag="880" ind1="0" ind2="0"><subfield code="6">245-01/$1</subfield><subfield code="a">孔子研究 =</subfield><subfield code="b">Confucius studies /</subfield><subfield code="c">《孔子研究》编辑部．</subfield></datafield><datafield tag="246" ind1="3" ind2="1"><subfield code="a">Confucius studies</subfield></datafield><datafield tag="246" ind1="1" ind2="3"><subfield code="a">Studies on Confucius</subfield></datafield><datafield tag="260" ind1=" " ind2=" "><subfield code="6">880-02</subfield><subfield code="a">Jinan Shi :</subfield><subfield code="b">Qi Lu shu she,</subfield><subfield code="c">1986-</subfield></datafield><datafield tag="880" ind1=" " ind2=" "><subfield code="6">260-02/$1</subfield><subfield code="a">济南市 :</subfield><subfield code="b">齐鲁书社,</subfield><subfield code="c">1986-</subfield></datafield><datafield tag="300" ind1=" " ind2=" "><subfield code="a">v. :</subfield><subfield code="b">ill. ;</subfield><subfield code="c">26 cm.</subfield></datafield><datafield tag="310" ind1=" " ind2=" "><subfield code="a">Bimonthly</subfield></datafield><datafield tag="321" ind1=" " ind2=" "><subfield code="a">Quarterly</subfield></datafield><datafield tag="362" ind1="0" ind2=" "><subfield code="6">880-03</subfield><subfield code="a">Chuang kan hao (1986 nian 3 yue [Mar. 1986])-</subfield></datafield><datafield tag="880" ind1="0" ind2=" "><subfield code="6">362-03/$1</subfield><subfield code="a">创刊号 (1986年3月 [Mar. 1986])-</subfield></datafield><datafield tag="500" ind1=" " ind2=" "><subfield code="a">Title from cover.</subfield></datafield><datafield tag="550" ind1=" " ind2=" "><subfield code="a">Sponsored by: Zhongguo Kongzi ji jin hui.</subfield></datafield><datafield tag="546" ind1=" " ind2=" "><subfield code="a">Table of contents also in English.</subfield></datafield><datafield tag="583" ind1="1" ind2=" "><subfield code="a">Committed to retain</subfield><subfield code="d">in perpetuity</subfield><subfield code="f">ReCAP</subfield><subfield code="f">Chinese Serials Collaborative Collection</subfield><subfield code="5">[MH, NjP, NN, or NNC]</subfield><subfield code="u">http://arks.princeton.edu/ark:/88435/dcxg94j1575</subfield></datafield><datafield tag="600" ind1="0" ind2="0"><subfield code="a">Confucius</subfield><subfield code="x">Societies, periodicals, etc.</subfield></datafield><datafield tag="710" ind1="2" ind2=" "><subfield code="6">880-04</subfield><subfield code="a">Zhongguo Kongzi ji jin hui.</subfield><subfield code="0">http://id.loc.gov/authorities/names/n87886707</subfield></datafield><datafield tag="880" ind1="2" ind2=" "><subfield code="6">710-04/$1</subfield><subfield code="a">中国孔子基金会.</subfield></datafield><datafield tag="914" ind1=" " ind2=" "><subfield code="a">(OCoLC)ocm17644634</subfield><subfield code="b">OCoLC</subfield><subfield code="c">match</subfield><subfield code="d">20221117</subfield><subfield code="e">processed</subfield><subfield code="f">17644634</subfield></datafield><datafield tag="950" ind1=" " ind2=" "><subfield code="l">C</subfield><subfield code="v">No.1 (1986)-no.52 (1998)</subfield><subfield code="n">#9</subfield><subfield code="n">#50</subfield><subfield code="p">2</subfield><subfield code="h">11/09/89 C</subfield></datafield><datafield tag="955" ind1=" " ind2=" "><subfield code="l">C</subfield><subfield code="c">1:(no.37-40 1995)</subfield><subfield code="q">Gest A18563</subfield><subfield code="r">32101026533933</subfield><subfield code="h">11/09/89 C</subfield></datafield><datafield tag="955" ind1=" " ind2=" "><subfield code="l">C</subfield><subfield code="c">1:(no.41-44 1996)</subfield><subfield code="r">32101033236918</subfield><subfield code="h">08/26/97 C</subfield></datafield><datafield tag="987" ind1=" " ind2=" "><subfield code="a">PINYIN</subfield><subfield code="b">CStRLIN</subfield><subfield code="c">20010131</subfield><subfield code="d">c</subfield><subfield code="e">1.1</subfield></datafield><datafield tag="998" ind1=" " ind2=" "><subfield code="a">11/14/03</subfield><subfield code="t">c</subfield><subfield code="s">9114</subfield><subfield code="n">NjP-G</subfield><subfield code="w">CUBO89S31</subfield><subfield code="d">05/01/00</subfield><subfield code="c">FSW</subfield><subfield code="b">SML</subfield><subfield code="i">031114</subfield><subfield code="h">020610</subfield><subfield code="h">000501</subfield><subfield code="h">990205</subfield><subfield code="h">970826</subfield><subfield code="h">960909</subfield><subfield code="h">960207</subfield><subfield code="h">950620</subfield><subfield code="h">891109</subfield><subfield code="l">NJPX</subfield></datafield><datafield tag="950" ind1=" " ind2=" "><subfield code="c">2024-09-06 12:21:48 US/Eastern</subfield><subfield code="b">2021-07-13 06:31:40 US/Eastern</subfield><subfield code="a">false</subfield></datafield><datafield tag="852" ind1="0" ind2=" "><subfield code="b">eastasian</subfield><subfield code="c">cjk</subfield><subfield code="h">B128</subfield><subfield code="i">.K86</subfield><subfield code="8">22720031140006421</subfield></datafield><datafield tag="866" ind1=" " ind2="0"><subfield code="a">No. 147 (2015)-no. 152 (2015); 2016 no. 1-2025 no. 3</subfield><subfield code="8">22720031140006421</subfield></datafield><datafield tag="866" ind1=" " ind2="0"><subfield code="z">CURRENT ISSUES IN: East Asian Library (Gest)</subfield><subfield code="8">22720031140006421</subfield></datafield><datafield tag="952" ind1=" " ind2=" "><subfield code="d">2025-12-16 16:29:28</subfield><subfield code="8">22720031140006421</subfield><subfield code="a">2021-07-13 10:31:40</subfield><subfield code="b">East Asian Library</subfield><subfield code="c">cjk: East Asian Library</subfield><subfield code="e">false</subfield></datafield><datafield tag="852" ind1="0" ind2=" "><subfield code="b">recap</subfield><subfield code="c">pa</subfield><subfield code="h">B128</subfield><subfield code="i">.K86</subfield><subfield code="8">22720030430006421</subfield></datafield><datafield tag="866" ind1=" " ind2="0"><subfield code="a">No. 1 (1986)-no. 146 (2014)</subfield><subfield code="8">22720030430006421</subfield></datafield><datafield tag="952" ind1=" " ind2=" "><subfield code="d">2025-08-07 16:38:53</subfield><subfield code="8">22720030430006421</subfield><subfield code="a">2021-07-13 10:31:40</subfield><subfield code="b">ReCAP</subfield><subfield code="c">rcppa: RECAP</subfield><subfield code="e">false</subfield></datafield><datafield tag="876" ind1=" " ind2=" "><subfield code="0">22720031140006421</subfield><subfield code="j">1</subfield><subfield code="z">cjk</subfield><subfield code="p">32101115420646</subfield><subfield code="a">231020160610006421</subfield><subfield code="3">2023 no. 4-6 </subfield><subfield code="d">2024-06-03 12:28:30 US/Eastern</subfield><subfield code="q">2024-06-03 12:28:45 US/Eastern</subfield><subfield code="y">eastasian</subfield></datafield><datafield tag="876" ind1=" " ind2=" "><subfield code="0">22720030430006421</subfield><subfield code="j">1</subfield><subfield code="z">pa</subfield><subfield code="p">32101080989559</subfield><subfield code="t">1</subfield><subfield code="a">23720030320006421</subfield><subfield code="3">no.25-28 1992</subfield><subfield code="d">2002-06-09 20:00:00 US/Eastern</subfield><subfield code="q">2002-06-10 06:59:00 US/Eastern</subfield><subfield code="y">recap</subfield></datafield><datafield tag="876" ind1=" " ind2=" "><subfield code="0">22720030430006421</subfield><subfield code="j">1</subfield><subfield code="z">pa</subfield><subfield code="p">32101080989542</subfield><subfield code="t">1</subfield><subfield code="a">23720030330006421</subfield><subfield code="3">no.21-24 1991</subfield><subfield code="d">2002-06-09 20:00:00 US/Eastern</subfield><subfield code="q">2002-06-10 06:59:00 US/Eastern</subfield><subfield code="y">recap</subfield></datafield><datafield tag="876" ind1=" " ind2=" "><subfield code="0">22720030430006421</subfield><subfield code="j">1</subfield><subfield code="z">pa</subfield><subfield code="p">32101060516034</subfield><subfield code="t">1</subfield><subfield code="a">23720030500006421</subfield><subfield code="3">no.87-92 2005</subfield><subfield code="d">2007-03-13 20:00:00 US/Eastern</subfield><subfield code="q">2007-03-14 12:35:01 US/Eastern</subfield><subfield code="y">recap</subfield></datafield><datafield tag="876" ind1=" " ind2=" "><subfield code="0">22720030430006421</subfield><subfield code="j">1</subfield><subfield code="z">pa</subfield><subfield code="p">32101080989534</subfield><subfield code="t">1</subfield><subfield code="a">23720030340006421</subfield><subfield code="3">no.17-20 1990</subfield><subfield code="d">2002-06-09 20:00:00 US/Eastern</subfield><subfield code="q">2002-06-10 06:59:00 US/Eastern</subfield><subfield code="y">recap</subfield></datafield><datafield tag="876" ind1=" " ind2=" "><subfield code="0">22720030430006421</subfield><subfield code="j">1</subfield><subfield code="z">pa</subfield><subfield code="p">32101056743022</subfield><subfield code="t">1</subfield><subfield code="a">23720030510006421</subfield><subfield code="3">no.81-86 2004</subfield><subfield code="d">2005-07-18 20:00:00 US/Eastern</subfield><subfield code="q">2005-07-19 12:34:55 US/Eastern</subfield><subfield code="y">recap</subfield></datafield><datafield tag="876" ind1=" " ind2=" "><subfield code="0">22720030430006421</subfield><subfield code="j">1</subfield><subfield code="z">pa</subfield><subfield code="p">32101080989575</subfield><subfield code="t">1</subfield><subfield code="a">23720030300006421</subfield><subfield code="3">no.33-36 1994</subfield><subfield code="d">2002-06-09 20:00:00 US/Eastern</subfield><subfield code="q">2002-06-10 06:59:00 US/Eastern</subfield><subfield code="y">recap</subfield></datafield><datafield tag="876" ind1=" " ind2=" "><subfield code="0">22720030430006421</subfield><subfield code="j">1</subfield><subfield code="z">pa</subfield><subfield code="p">32101080989567</subfield><subfield code="t">1</subfield><subfield code="a">23720030310006421</subfield><subfield code="3">no.29-32 1993</subfield><subfield code="d">2002-06-09 20:00:00 US/Eastern</subfield><subfield code="q">2002-06-10 06:59:00 US/Eastern</subfield><subfield code="y">recap</subfield></datafield><datafield tag="876" ind1=" " ind2=" "><subfield code="0">22720031140006421</subfield><subfield code="j">1</subfield><subfield code="z">cjk</subfield><subfield code="p">32101114064965</subfield><subfield code="a">231096053170006421</subfield><subfield code="3">2025 no. 1-3 </subfield><subfield code="d">2025-12-16 11:28:28 US/Eastern</subfield><subfield code="q">2025-12-16 11:28:44 US/Eastern</subfield><subfield code="y">eastasian</subfield></datafield><datafield tag="876" ind1=" " ind2=" "><subfield code="0">22720030430006421</subfield><subfield code="j">1</subfield><subfield code="z">pa</subfield><subfield code="p">32101080989518</subfield><subfield code="t">1</subfield><subfield code="a">23720030360006421</subfield><subfield code="3">no.9-12 1988</subfield><subfield code="d">2002-06-09 20:00:00 US/Eastern</subfield><subfield code="q">2002-06-10 06:59:00 US/Eastern</subfield><subfield code="y">recap</subfield></datafield><datafield tag="876" ind1=" " ind2=" "><subfield code="0">22720030430006421</subfield><subfield code="j">1</subfield><subfield code="z">pa</subfield><subfield code="p">32101080989526</subfield><subfield code="t">1</subfield><subfield code="a">23720030350006421</subfield><subfield code="3">no.13-16 1989</subfield><subfield code="d">2002-06-09 20:00:00 US/Eastern</subfield><subfield code="q">2002-06-10 06:59:00 US/Eastern</subfield><subfield code="y">recap</subfield></datafield><datafield tag="876" ind1=" " ind2=" "><subfield code="0">22720031140006421</subfield><subfield code="j">1</subfield><subfield code="z">cjk</subfield><subfield code="p">32101115426171</subfield><subfield code="a">231030420930006421</subfield><subfield code="3">2024 no. 1-3 </subfield><subfield code="d">2024-10-07 12:07:20 US/Eastern</subfield><subfield code="q">2024-10-07 12:07:42 US/Eastern</subfield><subfield code="y">eastasian</subfield></datafield><datafield tag="876" ind1=" " ind2=" "><subfield code="0">22720030430006421</subfield><subfield code="j">1</subfield><subfield code="z">pa</subfield><subfield code="p">32101080989492</subfield><subfield code="t">1</subfield><subfield code="a">23720030370006421</subfield><subfield code="3">no.1-4 1986</subfield><subfield code="d">2002-06-09 20:00:00 US/Eastern</subfield><subfield code="q">2002-06-10 06:59:00 US/Eastern</subfield><subfield code="y">recap</subfield></datafield><datafield tag="876" ind1=" " ind2=" "><subfield code="0">22720031140006421</subfield><subfield code="j">1</subfield><subfield code="z">cjk</subfield><subfield code="p">32101110382130</subfield><subfield code="a">23919918750006421</subfield><subfield code="3">2020 no. 4-6 </subfield><subfield code="d">2022-03-17 12:10:08 US/Eastern</subfield><subfield code="q">2022-03-17 12:10:25 US/Eastern</subfield><subfield code="y">eastasian</subfield></datafield><datafield tag="876" ind1=" " ind2=" "><subfield code="0">22720030430006421</subfield><subfield code="j">1</subfield><subfield code="z">pa</subfield><subfield code="p">32101080989500</subfield><subfield code="t">1</subfield><subfield code="a">23720030380006421</subfield><subfield code="3">no.5-8 1987</subfield><subfield code="d">2002-06-09 20:00:00 US/Eastern</subfield><subfield code="q">2002-06-10 06:59:00 US/Eastern</subfield><subfield code="y">recap</subfield></datafield><datafield tag="876" ind1=" " ind2=" "><subfield code="0">22720030430006421</subfield><subfield code="j">1</subfield><subfield code="z">pa</subfield><subfield code="p">32101080989633</subfield><subfield code="t">1</subfield><subfield code="a">23720030390006421</subfield><subfield code="3">no.57-62 2000</subfield><subfield code="d">2001-08-06 20:00:00 US/Eastern</subfield><subfield code="q">2001-08-07 06:59:00 US/Eastern</subfield><subfield code="y">recap</subfield></datafield><datafield tag="876" ind1=" " ind2=" "><subfield code="0">22720031140006421</subfield><subfield code="j">1</subfield><subfield code="z">cjk</subfield><subfield code="p">32101117973378</subfield><subfield code="a">23966419620006421</subfield><subfield code="3">2021 no. 1-3 </subfield><subfield code="d">2023-03-21 13:44:38 US/Eastern</subfield><subfield code="q">2023-03-21 13:44:54 US/Eastern</subfield><subfield code="y">eastasian</subfield></datafield><datafield tag="876" ind1=" " ind2=" "><subfield code="0">22720031140006421</subfield><subfield code="j">1</subfield><subfield code="z">cjk</subfield><subfield code="p">32101117973352</subfield><subfield code="a">23966419600006421</subfield><subfield code="3">2022 no. 1-3 </subfield><subfield code="d">2023-03-21 13:45:59 US/Eastern</subfield><subfield code="q">2023-03-21 13:46:14 US/Eastern</subfield><subfield code="y">eastasian</subfield></datafield><datafield tag="876" ind1=" " ind2=" "><subfield code="0">22720031140006421</subfield><subfield code="j">1</subfield><subfield code="z">cjk</subfield><subfield code="p">32101117973386</subfield><subfield code="a">23922061820006421</subfield><subfield code="3">2019 no. 6 </subfield><subfield code="d">2022-03-24 16:09:15 US/Eastern</subfield><subfield code="q">2023-03-21 13:43:34 US/Eastern</subfield><subfield code="y">eastasian</subfield></datafield><datafield tag="876" ind1=" " ind2=" "><subfield code="0">22720031140006421</subfield><subfield code="j">1</subfield><subfield code="z">cjk</subfield><subfield code="p">32101110382221</subfield><subfield code="a">23919918870006421</subfield><subfield code="3">2016 no. 1-3 </subfield><subfield code="d">2022-03-17 12:00:08 US/Eastern</subfield><subfield code="q">2022-03-17 12:00:23 US/Eastern</subfield><subfield code="y">eastasian</subfield></datafield><datafield tag="876" ind1=" " ind2=" "><subfield code="0">22720031140006421</subfield><subfield code="j">1</subfield><subfield code="z">cjk</subfield><subfield code="p">32101110382148</subfield><subfield code="a">23919918760006421</subfield><subfield code="3">2020 no. 1-3 </subfield><subfield code="d">2022-03-17 12:09:06 US/Eastern</subfield><subfield code="q">2022-03-17 12:09:20 US/Eastern</subfield><subfield code="y">eastasian</subfield></datafield><datafield tag="876" ind1=" " ind2=" "><subfield code="0">22720031140006421</subfield><subfield code="j">1</subfield><subfield code="z">cjk</subfield><subfield code="p">32101110382163</subfield><subfield code="a">23919918780006421</subfield><subfield code="3">2019 no. 1-3 </subfield><subfield code="d">2022-03-17 12:06:50 US/Eastern</subfield><subfield code="q">2022-03-17 12:07:04 US/Eastern</subfield><subfield code="y">eastasian</subfield></datafield><datafield tag="876" ind1=" " ind2=" "><subfield code="0">22720030430006421</subfield><subfield code="j">1</subfield><subfield code="z">pa</subfield><subfield code="p">32101086735741</subfield><subfield code="t">1</subfield><subfield code="a">23720030560006421</subfield><subfield code="3">no.144-146 2014</subfield><subfield code="d">2015-11-05 19:00:00 US/Eastern</subfield><subfield code="q">2015-11-06 12:37:05 US/Eastern</subfield><subfield code="y">recap</subfield></datafield><datafield tag="876" ind1=" " ind2=" "><subfield code="0">22720031140006421</subfield><subfield code="j">1</subfield><subfield code="z">cjk</subfield><subfield code="p">32101110382213</subfield><subfield code="a">23919918830006421</subfield><subfield code="3">2016 no. 4-6 </subfield><subfield code="d">2022-03-17 12:01:40 US/Eastern</subfield><subfield code="q">2022-03-17 12:02:01 US/Eastern</subfield><subfield code="y">eastasian</subfield></datafield><datafield tag="876" ind1=" " ind2=" "><subfield code="0">22720030430006421</subfield><subfield code="j">1</subfield><subfield code="z">pa</subfield><subfield code="p">32101086662432</subfield><subfield code="t">1</subfield><subfield code="a">23720030580006421</subfield><subfield code="3">no.135-140 2013</subfield><subfield code="d">2014-08-17 20:00:00 US/Eastern</subfield><subfield code="q">2014-08-18 12:36:52 US/Eastern</subfield><subfield code="y">recap</subfield></datafield><datafield tag="876" ind1=" " ind2=" "><subfield code="0">22720031140006421</subfield><subfield code="j">1</subfield><subfield code="z">cjk</subfield><subfield code="p">32101110382239</subfield><subfield code="a">23919918940006421</subfield><subfield code="3">no. 150-152 (2015)</subfield><subfield code="d">2022-03-17 11:57:22 US/Eastern</subfield><subfield code="q">2022-03-17 11:59:42 US/Eastern</subfield><subfield code="y">eastasian</subfield></datafield><datafield tag="876" ind1=" " ind2=" "><subfield code="0">22720030430006421</subfield><subfield code="j">1</subfield><subfield code="z">pa</subfield><subfield code="p">32101050178902</subfield><subfield code="t">1</subfield><subfield code="a">23720030540006421</subfield><subfield code="3">no.75-80 2003</subfield><subfield code="d">2004-05-16 20:00:00 US/Eastern</subfield><subfield code="q">2004-05-17 12:34:48 US/Eastern</subfield><subfield code="y">recap</subfield></datafield><datafield tag="876" ind1=" " ind2=" "><subfield code="0">22720031140006421</subfield><subfield code="j">1</subfield><subfield code="z">cjk</subfield><subfield code="p">32101114064395</subfield><subfield code="a">231090553330006421</subfield><subfield code="3">2024 no. 4-6 </subfield><subfield code="d">2025-10-14 14:06:46 US/Eastern</subfield><subfield code="q">2025-10-14 14:07:01 US/Eastern</subfield><subfield code="y">eastasian</subfield></datafield><datafield tag="876" ind1=" " ind2=" "><subfield code="0">22720030430006421</subfield><subfield code="j">1</subfield><subfield code="z">pa</subfield><subfield code="p">32101063089187</subfield><subfield code="t">1</subfield><subfield code="a">23720030610006421</subfield><subfield code="3">no.93-98 2006</subfield><subfield code="d">2007-12-19 19:00:00 US/Eastern</subfield><subfield code="q">2007-12-20 12:35:45 US/Eastern</subfield><subfield code="y">recap</subfield></datafield><datafield tag="876" ind1=" " ind2=" "><subfield code="0">22720031140006421</subfield><subfield code="j">1</subfield><subfield code="z">cjk</subfield><subfield code="p">32101114218058</subfield><subfield code="a">23989710140006421</subfield><subfield code="3">2021 no. 6 </subfield><subfield code="d">2023-08-11 13:04:11 US/Eastern</subfield><subfield code="q">2023-08-11 13:04:10 US/Eastern</subfield><subfield code="y">eastasian</subfield></datafield><datafield tag="876" ind1=" " ind2=" "><subfield code="0">22720031140006421</subfield><subfield code="j">1</subfield><subfield code="z">cjk</subfield><subfield code="p">32101110382197</subfield><subfield code="a">23919918800006421</subfield><subfield code="3">2018 no. 1-3 </subfield><subfield code="d">2022-03-17 12:04:44 US/Eastern</subfield><subfield code="q">2022-03-17 12:04:58 US/Eastern</subfield><subfield code="y">eastasian</subfield></datafield><datafield tag="876" ind1=" " ind2=" "><subfield code="0">22720031140006421</subfield><subfield code="j">1</subfield><subfield code="z">cjk</subfield><subfield code="p">32101110382189</subfield><subfield code="a">23919918810006421</subfield><subfield code="3">2017 no. 4-6 </subfield><subfield code="d">2022-03-17 12:03:46 US/Eastern</subfield><subfield code="q">2022-03-17 12:04:01 US/Eastern</subfield><subfield code="y">eastasian</subfield></datafield><datafield tag="876" ind1=" " ind2=" "><subfield code="0">22720030430006421</subfield><subfield code="j">1</subfield><subfield code="z">pa</subfield><subfield code="p">32101090101831</subfield><subfield code="t">1</subfield><subfield code="a">23720030460006421</subfield><subfield code="3">no.123-128 2011</subfield><subfield code="d">2013-07-29 20:00:00 US/Eastern</subfield><subfield code="q">2013-07-30 12:36:38 US/Eastern</subfield><subfield code="y">recap</subfield></datafield><datafield tag="876" ind1=" " ind2=" "><subfield code="0">22720031140006421</subfield><subfield code="j">1</subfield><subfield code="z">cjk</subfield><subfield code="p">32101095364202</subfield><subfield code="t">1</subfield><subfield code="a">23720030470006421</subfield><subfield code="3">no.147-149 2015</subfield><subfield code="d">2016-02-22 19:00:00 US/Eastern</subfield><subfield code="q">2016-02-23 05:59:00 US/Eastern</subfield><subfield code="y">eastasian</subfield></datafield><datafield tag="876" ind1=" " ind2=" "><subfield code="0">22720030430006421</subfield><subfield code="j">1</subfield><subfield code="z">pa</subfield><subfield code="p">32101077675302</subfield><subfield code="t">1</subfield><subfield code="a">23720030450006421</subfield><subfield code="3">no.117-122 2010</subfield><subfield code="d">2011-08-17 20:00:00 US/Eastern</subfield><subfield code="q">2011-08-18 12:36:19 US/Eastern</subfield><subfield code="y">recap</subfield></datafield><datafield tag="876" ind1=" " ind2=" "><subfield code="0">22720030430006421</subfield><subfield code="j">1</subfield><subfield code="z">pa</subfield><subfield code="p">32101080989625</subfield><subfield code="t">1</subfield><subfield code="a">23720030400006421</subfield><subfield code="3">no.53-56 1999</subfield><subfield code="d">2000-12-27 19:00:00 US/Eastern</subfield><subfield code="q">2000-12-28 05:59:00 US/Eastern</subfield><subfield code="y">recap</subfield></datafield><datafield tag="876" ind1=" " ind2=" "><subfield code="0">22720030430006421</subfield><subfield code="j">1</subfield><subfield code="z">pa</subfield><subfield code="p">32101080989609</subfield><subfield code="t">1</subfield><subfield code="a">23720030420006421</subfield><subfield code="3">no.45-48 1997</subfield><subfield code="d">2000-06-12 20:00:00 US/Eastern</subfield><subfield code="q">2000-06-13 06:59:00 US/Eastern</subfield><subfield code="y">recap</subfield></datafield><datafield tag="876" ind1=" " ind2=" "><subfield code="0">22720030430006421</subfield><subfield code="j">1</subfield><subfield code="z">pa</subfield><subfield code="p">32101080989617</subfield><subfield code="t">1</subfield><subfield code="a">23720030410006421</subfield><subfield code="3">no.49-52 1998</subfield><subfield code="d">2000-06-12 20:00:00 US/Eastern</subfield><subfield code="q">2000-06-13 06:59:00 US/Eastern</subfield><subfield code="y">recap</subfield></datafield><datafield tag="876" ind1=" " ind2=" "><subfield code="0">22720030430006421</subfield><subfield code="j">1</subfield><subfield code="z">pa</subfield><subfield code="p">32101090108810</subfield><subfield code="t">1</subfield><subfield code="a">23720030440006421</subfield><subfield code="3">no.129-134 2012</subfield><subfield code="d">2013-09-08 20:00:00 US/Eastern</subfield><subfield code="q">2013-09-09 12:36:45 US/Eastern</subfield><subfield code="y">recap</subfield></datafield><datafield tag="876" ind1=" " ind2=" "><subfield code="0">22720031140006421</subfield><subfield code="j">1</subfield><subfield code="z">cjk</subfield><subfield code="p">32101117973360</subfield><subfield code="a">23966419570006421</subfield><subfield code="3">2021 no. 4-5 </subfield><subfield code="d">2023-03-21 13:49:16 US/Eastern</subfield><subfield code="q">2023-03-21 13:49:34 US/Eastern</subfield><subfield code="y">eastasian</subfield></datafield><datafield tag="876" ind1=" " ind2=" "><subfield code="0">22720031140006421</subfield><subfield code="j">1</subfield><subfield code="z">cjk</subfield><subfield code="p">32101115420653</subfield><subfield code="a">231003746260006421</subfield><subfield code="3">2023 no. 1-3 </subfield><subfield code="d">2023-12-27 11:01:33 US/Eastern</subfield><subfield code="q">2024-06-03 12:27:37 US/Eastern</subfield><subfield code="y">eastasian</subfield></datafield><datafield tag="876" ind1=" " ind2=" "><subfield code="0">22720030430006421</subfield><subfield code="j">1</subfield><subfield code="z">pa</subfield><subfield code="p">32101080989583</subfield><subfield code="t">1</subfield><subfield code="a">23720030290006421</subfield><subfield code="3">no.37-40 1995</subfield><subfield code="d">2002-06-09 20:00:00 US/Eastern</subfield><subfield code="q">2002-06-10 06:59:00 US/Eastern</subfield><subfield code="y">recap</subfield></datafield><datafield tag="876" ind1=" " ind2=" "><subfield code="0">22720030430006421</subfield><subfield code="j">1</subfield><subfield code="z">pa</subfield><subfield code="p">32101080989591</subfield><subfield code="t">1</subfield><subfield code="a">23720030280006421</subfield><subfield code="3">no.41-44 1996</subfield><subfield code="d">2002-06-09 20:00:00 US/Eastern</subfield><subfield code="q">2002-06-10 06:59:00 US/Eastern</subfield><subfield code="y">recap</subfield></datafield><datafield tag="876" ind1=" " ind2=" "><subfield code="0">22720031140006421</subfield><subfield code="j">1</subfield><subfield code="z">cjk</subfield><subfield code="p">32101115426395</subfield><subfield code="a">23966419590006421</subfield><subfield code="3">2022 no. 4-6 </subfield><subfield code="d">2023-03-21 13:46:39 US/Eastern</subfield><subfield code="q">2023-03-21 12:59:22 US/Eastern</subfield><subfield code="y">eastasian</subfield></datafield><datafield tag="876" ind1=" " ind2=" "><subfield code="0">22720031140006421</subfield><subfield code="j">1</subfield><subfield code="z">cjk</subfield><subfield code="p">32101110382155</subfield><subfield code="a">23919918770006421</subfield><subfield code="3">2019 no. 4-5 </subfield><subfield code="d">2022-03-17 12:07:56 US/Eastern</subfield><subfield code="q">2022-03-17 12:30:12 US/Eastern</subfield><subfield code="y">eastasian</subfield></datafield><datafield tag="876" ind1=" " ind2=" "><subfield code="0">22720031140006421</subfield><subfield code="j">1</subfield><subfield code="z">cjk</subfield><subfield code="p">32101110382171</subfield><subfield code="a">23919918790006421</subfield><subfield code="3">2018 no. 4-6 </subfield><subfield code="d">2022-03-17 12:05:30 US/Eastern</subfield><subfield code="q">2022-03-17 12:05:44 US/Eastern</subfield><subfield code="y">eastasian</subfield></datafield><datafield tag="876" ind1=" " ind2=" "><subfield code="0">22720030430006421</subfield><subfield code="j">1</subfield><subfield code="z">pa</subfield><subfield code="p">32101066000306</subfield><subfield code="t">1</subfield><subfield code="a">23720030480006421</subfield><subfield code="3">no.99-104 2007</subfield><subfield code="d">2008-09-04 20:00:00 US/Eastern</subfield><subfield code="q">2008-09-05 12:35:52 US/Eastern</subfield><subfield code="y">recap</subfield></datafield><datafield tag="876" ind1=" " ind2=" "><subfield code="0">22720030430006421</subfield><subfield code="j">1</subfield><subfield code="z">pa</subfield><subfield code="p">32101066179886</subfield><subfield code="t">1</subfield><subfield code="a">23720030570006421</subfield><subfield code="3">no.141-143 2014</subfield><subfield code="d">2015-01-06 19:00:00 US/Eastern</subfield><subfield code="q">2015-01-07 12:36:59 US/Eastern</subfield><subfield code="y">recap</subfield></datafield><datafield tag="876" ind1=" " ind2=" "><subfield code="0">22720031140006421</subfield><subfield code="j">1</subfield><subfield code="z">cjk</subfield><subfield code="p">32101110382205</subfield><subfield code="a">23919918820006421</subfield><subfield code="3">2017 no. 1-3 </subfield><subfield code="d">2022-03-17 12:02:42 US/Eastern</subfield><subfield code="q">2022-03-17 12:02:58 US/Eastern</subfield><subfield code="y">eastasian</subfield></datafield><datafield tag="876" ind1=" " ind2=" "><subfield code="0">22720030430006421</subfield><subfield code="j">1</subfield><subfield code="z">pa</subfield><subfield code="p">32101050114667</subfield><subfield code="t">1</subfield><subfield code="a">23720030550006421</subfield><subfield code="3">no.69-74 2002</subfield><subfield code="d">2003-11-13 19:00:00 US/Eastern</subfield><subfield code="q">2003-11-14 12:33:29 US/Eastern</subfield><subfield code="y">recap</subfield></datafield><datafield tag="876" ind1=" " ind2=" "><subfield code="0">22720030430006421</subfield><subfield code="j">1</subfield><subfield code="z">pa</subfield><subfield code="p">32101076573805</subfield><subfield code="t">1</subfield><subfield code="a">23720030590006421</subfield><subfield code="3">no.111-116 2009</subfield><subfield code="d">2010-05-03 20:00:00 US/Eastern</subfield><subfield code="q">2010-05-04 12:36:06 US/Eastern</subfield><subfield code="y">recap</subfield></datafield><datafield tag="876" ind1=" " ind2=" "><subfield code="0">22720030430006421</subfield><subfield code="j">1</subfield><subfield code="z">pa</subfield><subfield code="p">32101076573342</subfield><subfield code="t">1</subfield><subfield code="a">23720030600006421</subfield><subfield code="3">no.105-110 2008</subfield><subfield code="d">2010-05-03 20:00:00 US/Eastern</subfield><subfield code="q">2010-05-04 12:35:59 US/Eastern</subfield><subfield code="y">recap</subfield></datafield><datafield tag="876" ind1=" " ind2=" "><subfield code="0">22720030430006421</subfield><subfield code="j">1</subfield><subfield code="z">pa</subfield><subfield code="p">32101043968948</subfield><subfield code="t">1</subfield><subfield code="a">23720030620006421</subfield><subfield code="3">no.63-68 2001</subfield><subfield code="d">2002-05-22 20:00:00 US/Eastern</subfield><subfield code="q">2002-05-23 12:30:23 US/Eastern</subfield><subfield code="y">recap</subfield></datafield><datafield tag="876" ind1=" " ind2=" "><subfield code="0">22720031140006421</subfield><subfield code="j">1</subfield><subfield code="z">cjk</subfield><subfield code="a">231091246940006421</subfield><subfield code="3">2025 no. 4 </subfield><subfield code="d">2025-10-28 12:34:52 US/Eastern</subfield><subfield code="q">2025-10-28 12:35:03 US/Eastern</subfield><subfield code="y">eastasian</subfield></datafield></record>