<record><leader>03108cam a2200481 i 4500</leader><controlfield tag="005">20260304195021.0</controlfield><controlfield tag="008">241206s2025    dcu      b    001 0 eng  </controlfield><controlfield tag="001">99131692354606421</controlfield><datafield tag="010" ind1=" " ind2=" "><subfield code="a">  2024056799</subfield></datafield><datafield tag="020" ind1=" " ind2=" "><subfield code="a">9781647126377</subfield></datafield><datafield tag="020" ind1=" " ind2=" "><subfield code="a">1647126371</subfield></datafield><datafield tag="020" ind1=" " ind2=" "><subfield code="a">9781647126384</subfield><subfield code="q">(paperback)</subfield></datafield><datafield tag="020" ind1=" " ind2=" "><subfield code="a">164712638X</subfield></datafield><datafield tag="020" ind1=" " ind2=" "><subfield code="z">9781647126391</subfield><subfield code="q">(ebook)</subfield></datafield><datafield tag="035" ind1=" " ind2=" "><subfield code="a">(OCoLC)1498393461</subfield></datafield><datafield tag="035" ind1=" " ind2=" "><subfield code="a">(OCoLC)on1498393461</subfield></datafield><datafield tag="040" ind1=" " ind2=" "><subfield code="a">DGU/DLC</subfield><subfield code="b">eng</subfield><subfield code="e">rda</subfield><subfield code="c">DLC</subfield><subfield code="d">OCLCO</subfield><subfield code="d">IG#</subfield><subfield code="d">BDX</subfield><subfield code="d">YDX</subfield><subfield code="d">DGU</subfield></datafield><datafield tag="042" ind1=" " ind2=" "><subfield code="a">pcc</subfield></datafield><datafield tag="043" ind1=" " ind2=" "><subfield code="a">e-ru---</subfield><subfield code="a">e-ur---</subfield></datafield><datafield tag="050" ind1="0" ind2="0"><subfield code="a">UA770</subfield><subfield code="b">.P384 2025</subfield></datafield><datafield tag="082" ind1="0" ind2="0"><subfield code="a">355.020947</subfield><subfield code="2">23/eng/20250209</subfield></datafield><datafield tag="100" ind1="1" ind2=" "><subfield code="a">Persson, Gudrun,</subfield><subfield code="d">1962-</subfield><subfield code="e">author.</subfield><subfield code="1">https://id.oclc.org/worldcat/entity/E39PBJwX8hByfMyXwGFMrmfyVC</subfield></datafield><datafield tag="245" ind1="1" ind2="0"><subfield code="a">Russian military thought :</subfield><subfield code="b">the evolution of strategy since the Crimean War /</subfield><subfield code="c">Gudrun Persson.</subfield></datafield><datafield tag="264" ind1=" " ind2="1"><subfield code="a">Washington, DC :</subfield><subfield code="b">Georgetown University Press,</subfield><subfield code="c">[2025]</subfield></datafield><datafield tag="300" ind1=" " ind2=" "><subfield code="a">xi, 206 pages ;</subfield><subfield code="c">23 cm</subfield></datafield><datafield tag="336" ind1=" " ind2=" "><subfield code="a">text</subfield><subfield code="b">txt</subfield><subfield code="2">rdacontent</subfield></datafield><datafield tag="337" ind1=" " ind2=" "><subfield code="a">unmediated</subfield><subfield code="b">n</subfield><subfield code="2">rdamedia</subfield></datafield><datafield tag="338" ind1=" " ind2=" "><subfield code="a">volume</subfield><subfield code="b">nc</subfield><subfield code="2">rdacarrier</subfield></datafield><datafield tag="504" ind1=" " ind2=" "><subfield code="a">Includes bibliographical references (pages 181-192) and index.</subfield></datafield><datafield tag="505" ind1="0" ind2=" "><subfield code="a">Introduction : Why Study Russian Military Strategic Thought and How? -- A Brief History of Early Russian Strategic Thought -- A Time for Change in the Wake of the Crimean War -- Forming a Soviet Strategy from the ashes of World War I -- The Legacy of World War II -- In Search of a Strategy Beyond Nuclear Weapons -- In Search of a Strategy from the Breakup of the Soviet Union to the Full-Scale Invasion of Ukraine -- Conclusions and Thoughts on the Art of Winning.</subfield></datafield><datafield tag="520" ind1=" " ind2=" "><subfield code="a">"Gudrun Persson introduces readers to the evolution of Russian military strategic thought from the Crimean War (1853-56) to the present day. The book surveys the pivotal strategic thinkers from Dmitrii Miliutin, Aleksandr Svechin and Andrei Snesarev to Makhmut Gareev, Andrei Kokoshin, and Valerii Gerasimov. Russian military thought is understudied in the West, but it is critical to fill this gap in order to avoid strategic surprise. Furthermore, Persson shows that military strategic thought is closely linked to Russia's existence as a state and explains patterns of Russian confrontation. Strategy in Russia encompasses the broader context of foreign and domestic policy as well as the military's ties to the country's leadership. Persson sheds light on Russia's self-image and national identity, which in turn has fundamental consequences for Russia and its neighbors. The book helps readers understand the mindset of the current Russian leadership and the constraints that shape Russia's future possibilities"--</subfield><subfield code="c">Provided by publisher.</subfield></datafield><datafield tag="650" ind1=" " ind2="0"><subfield code="a">Strategy.</subfield></datafield><datafield tag="651" ind1=" " ind2="0"><subfield code="a">Russia</subfield><subfield code="x">Military policy.</subfield></datafield><datafield tag="651" ind1=" " ind2="0"><subfield code="a">Soviet Union</subfield><subfield code="x">Military policy.</subfield></datafield><datafield tag="651" ind1=" " ind2="0"><subfield code="a">Russia (Federation)</subfield><subfield code="x">Military policy.</subfield></datafield><datafield tag="650" ind1=" " ind2="6"><subfield code="a">Stratégie.</subfield></datafield><datafield tag="902" ind1=" " ind2=" "><subfield code="a">010002796</subfield><subfield code="w">copy</subfield><subfield code="1">20220101.0</subfield></datafield><datafield tag="910" ind1=" " ind2=" "><subfield code="c">C0710mon</subfield><subfield code="d">3110-10</subfield><subfield code="g">YBP</subfield></datafield><datafield tag="960" ind1=" " ind2=" "><subfield code="o">1</subfield><subfield code="z">USD</subfield></datafield><datafield tag="961" ind1=" " ind2=" "><subfield code="f">ASP</subfield><subfield code="m">311010</subfield><subfield code="n">Cloth</subfield></datafield><datafield tag="980" ind1=" " ind2=" "><subfield code="a">24474997</subfield><subfield code="i">98.95</subfield></datafield><datafield tag="982" ind1=" " ind2=" "><subfield code="c">f</subfield></datafield><datafield tag="984" ind1=" " ind2=" "><subfield code="a">20251201</subfield><subfield code="b">080443</subfield><subfield code="c">YBP-US</subfield></datafield><datafield tag="950" ind1=" " ind2=" "><subfield code="c">2026-03-04 19:50:21 US/Eastern</subfield><subfield code="b">2025-12-01 09:32:30 US/Eastern</subfield><subfield code="a">false</subfield></datafield><datafield tag="852" ind1="0" ind2=" "><subfield code="b">firestone</subfield><subfield code="c">stacks</subfield><subfield code="h">UA770</subfield><subfield code="i">.P384 2025</subfield><subfield code="8">221094709560006421</subfield></datafield><datafield tag="952" ind1=" " ind2=" "><subfield code="d">2025-12-01 14:32:55</subfield><subfield code="8">221094709560006421</subfield><subfield code="a">2025-12-01 14:32:55</subfield><subfield code="b">Firestone Library</subfield><subfield code="c">stacks: Firestone Library</subfield><subfield code="e">false</subfield></datafield><datafield tag="876" ind1=" " ind2=" "><subfield code="0">221094709560006421</subfield><subfield code="j">0</subfield><subfield code="x">WORK_ORDER_DEPARTMENT</subfield><subfield code="z">stacks</subfield><subfield code="p">32101125141935</subfield><subfield code="a">231094709550006421</subfield><subfield code="d">2025-12-01 09:32:55 US/Eastern</subfield><subfield code="q">2026-02-25 16:20:38 US/Eastern</subfield><subfield code="y">firestone</subfield></datafield></record>