<record><leader>02732cas a2200517 a 4500</leader><controlfield tag="005">20240813101029.0</controlfield><controlfield tag="008">900619c19889999cc sr p       0   e0chi d</controlfield><controlfield tag="001">9931000793506421</controlfield><datafield tag="022" ind1=" " ind2=" "><subfield code="a">1002-4980</subfield></datafield><datafield tag="035" ind1=" " ind2=" "><subfield code="a">(CStRLIN)NJPX90-S233</subfield></datafield><datafield tag="035" ind1=" " ind2=" "><subfield code="a">(NjP)3100079-princetondb</subfield></datafield><datafield tag="035" ind1=" " ind2=" "><subfield code="a">(OCoLC)ocm20999722</subfield></datafield><datafield tag="035" ind1=" " ind2=" "><subfield code="z">(NjP)Voyager3100079</subfield></datafield><datafield tag="040" ind1=" " ind2=" "><subfield code="a">MiU-A</subfield><subfield code="b">eng</subfield><subfield code="c">MiU-A</subfield><subfield code="d">CtY</subfield><subfield code="d">NjP-G</subfield><subfield code="d">CStRLIN</subfield><subfield code="d">NjP-G</subfield></datafield><datafield tag="043" ind1=" " ind2=" "><subfield code="a">a-cc---</subfield></datafield><datafield tag="066" ind1=" " ind2=" "><subfield code="c">$1</subfield></datafield><datafield tag="090" ind1=" " ind2=" "><subfield code="a">DS779.15</subfield><subfield code="b">.C44</subfield><subfield code="i">10/14/03 T</subfield><subfield code="h">10/24/01 T</subfield><subfield code="h">05/18/00 T</subfield><subfield code="h">03/09/00 T</subfield><subfield code="h">04/20/99 T</subfield><subfield code="h">01/27/99 T</subfield><subfield code="h">05/15/97 T</subfield><subfield code="h">09/10/96 T</subfield><subfield code="h">07/10/96 T</subfield><subfield code="h">10/17/95 T</subfield><subfield code="h">02/21/91 T</subfield><subfield code="h">10/03/90 T</subfield></datafield><datafield tag="130" ind1="0" ind2=" "><subfield code="6">880-01</subfield><subfield code="a">Qiu shi (Beijing, China)</subfield></datafield><datafield tag="880" ind1="0" ind2=" "><subfield code="6">130-01/$1</subfield><subfield code="a">求是 (Beijing, China)</subfield></datafield><datafield tag="245" ind1="0" ind2="0"><subfield code="6">880-02</subfield><subfield code="a">Qiu shi /</subfield><subfield code="c">[bian ji Qiu shi za zhi bian ji wei yuan hui].</subfield></datafield><datafield tag="880" ind1="0" ind2="0"><subfield code="6">245-02/$1</subfield><subfield code="a">求是 /</subfield><subfield code="c">[编辑求是杂志社编辑委员会].</subfield></datafield><datafield tag="246" ind1="1" ind2="1"><subfield code="a">Qiu shih</subfield></datafield><datafield tag="260" ind1=" " ind2=" "><subfield code="6">880-03</subfield><subfield code="a">Beijing :</subfield><subfield code="b">Qiu shi za zhi she,</subfield><subfield code="c">1988-</subfield></datafield><datafield tag="880" ind1=" " ind2=" "><subfield code="6">260-03/$1</subfield><subfield code="a">北京 :</subfield><subfield code="b">求是杂志社,</subfield><subfield code="c">1988-</subfield></datafield><datafield tag="300" ind1=" " ind2=" "><subfield code="a">v. :</subfield><subfield code="b">ill. ;</subfield><subfield code="c">26 cm.</subfield></datafield><datafield tag="310" ind1=" " ind2=" "><subfield code="a">Semimonthly</subfield></datafield><datafield tag="362" ind1="0" ind2=" "><subfield code="6">880-04</subfield><subfield code="a">Di 1 qi = Zong di 1 qi (1988 nian 7 yue 1 ri [July 1, 1988])-</subfield></datafield><datafield tag="880" ind1="0" ind2=" "><subfield code="6">362-04/$1</subfield><subfield code="a">第1期 = 总第1期 (1988年7月1日 [July 1, 1988])-</subfield></datafield><datafield tag="500" ind1=" " ind2=" "><subfield code="a">Cover title.</subfield></datafield><datafield tag="550" ind1=" " ind2=" "><subfield code="a">Sponsored by: Zhong gong zhong yang dang xiao.</subfield></datafield><datafield tag="651" ind1=" " ind2="0"><subfield code="a">China</subfield><subfield code="x">Politics and government</subfield><subfield code="y">1976-</subfield><subfield code="v">Periodicals.</subfield></datafield><datafield tag="650" ind1=" " ind2="0"><subfield code="a">Communism</subfield><subfield code="z">China</subfield><subfield code="v">Periodicals.</subfield><subfield code="0">http://id.loc.gov/authorities/subjects/sh2009120915</subfield></datafield><datafield tag="655" ind1=" " ind2="7"><subfield code="a">Periodicals.</subfield><subfield code="2">lcgft</subfield><subfield code="0">http://id.loc.gov/authorities/genreForms/gf2014026139</subfield></datafield><datafield tag="710" ind1="2" ind2=" "><subfield code="6">880-05</subfield><subfield code="a">Qiu shi za zhi bian ji wei yuan hui.</subfield></datafield><datafield tag="880" ind1="2" ind2=" "><subfield code="6">710-05/$1</subfield><subfield code="a">求是杂志社编辑委员会.</subfield></datafield><datafield tag="710" ind1="2" ind2=" "><subfield code="6">880-06</subfield><subfield code="a">Zhong gong zhong yang dang xiao.</subfield><subfield code="0">http://id.loc.gov/authorities/names/n80102649</subfield></datafield><datafield tag="880" ind1="2" ind2=" "><subfield code="6">710-06/$1</subfield><subfield code="a">中共中央党校.</subfield></datafield><datafield tag="780" ind1="0" ind2="0"><subfield code="6">880-07</subfield><subfield code="t">Hong qi</subfield></datafield><datafield tag="880" ind1="0" ind2="0"><subfield code="6">780-07/$1</subfield><subfield code="t">红旗</subfield></datafield><datafield tag="914" ind1=" " ind2=" "><subfield code="a">(OCoLC)ocm20999722</subfield><subfield code="b">OCoLC</subfield><subfield code="c">match</subfield><subfield code="d">20221117</subfield><subfield code="e">processed</subfield><subfield code="f">20999722</subfield></datafield><datafield tag="950" ind1=" " ind2=" "><subfield code="l">C</subfield><subfield code="v">No.1 (1988)-264 (1999)</subfield><subfield code="n">#9</subfield><subfield code="n">#50</subfield><subfield code="p">2</subfield></datafield><datafield tag="955" ind1=" " ind2=" "><subfield code="l">C</subfield><subfield code="c">1:(no.157-168 1995)</subfield><subfield code="q">Joint 9-7-88</subfield><subfield code="r">32101026919637</subfield><subfield code="h">10/03/90 C</subfield></datafield><datafield tag="955" ind1=" " ind2=" "><subfield code="l">C</subfield><subfield code="c">1:(no.169-180 1995)</subfield><subfield code="r">32101026534063</subfield><subfield code="h">09/10/96 C</subfield></datafield><datafield tag="955" ind1=" " ind2=" "><subfield code="l">C</subfield><subfield code="c">1:(no.181-192 1996)</subfield><subfield code="r">32101032804070</subfield><subfield code="h">05/15/97 C</subfield></datafield><datafield tag="987" ind1=" " ind2=" "><subfield code="a">PINYIN</subfield><subfield code="b">NjP-G</subfield><subfield code="c">20011024</subfield><subfield code="d">c</subfield></datafield><datafield tag="998" ind1=" " ind2=" "><subfield code="a">10/14/03</subfield><subfield code="t">c</subfield><subfield code="s">9114</subfield><subfield code="n">NjP-G</subfield><subfield code="w">NJPX90S233</subfield><subfield code="d">03/09/00</subfield><subfield code="c">FSW</subfield><subfield code="b">SML</subfield><subfield code="i">031014</subfield><subfield code="h">011024</subfield><subfield code="h">000518</subfield><subfield code="h">000309</subfield><subfield code="h">990420</subfield><subfield code="h">990127</subfield><subfield code="h">970515</subfield><subfield code="h">960910</subfield><subfield code="h">960710</subfield><subfield code="h">951017</subfield><subfield code="h">910221</subfield><subfield code="h">901003</subfield><subfield code="l">NJPX</subfield></datafield><datafield tag="950" ind1=" " ind2=" "><subfield code="c">2026-02-27 04:31:49 US/Eastern</subfield><subfield code="b">2021-07-12 11:42:52 US/Eastern</subfield><subfield code="a">false</subfield></datafield><datafield tag="852" ind1="0" ind2=" "><subfield code="b">eastasian</subfield><subfield code="c">cjk</subfield><subfield code="h">DS779.15</subfield><subfield code="i">.C44</subfield><subfield code="8">22516576730006421</subfield></datafield><datafield tag="866" ind1=" " ind2="0"><subfield code="a">No. 302 (2001)-no. 733 (2018); 2019 no. 1-2025 no. 8</subfield><subfield code="8">22516576730006421</subfield></datafield><datafield tag="866" ind1=" " ind2="0"><subfield code="z">CURRENT ISSUES IN: East Asian Library (Gest)</subfield><subfield code="8">22516576730006421</subfield></datafield><datafield tag="952" ind1=" " ind2=" "><subfield code="d">2025-10-28 17:25:52</subfield><subfield code="8">22516576730006421</subfield><subfield code="a">2021-07-12 15:42:52</subfield><subfield code="b">East Asian Library</subfield><subfield code="c">cjk: East Asian Library</subfield><subfield code="e">false</subfield></datafield><datafield tag="852" ind1="0" ind2=" "><subfield code="b">recap</subfield><subfield code="c">pa</subfield><subfield code="h">DS779.15</subfield><subfield code="i">.C44</subfield><subfield code="8">22516577010006421</subfield></datafield><datafield tag="866" ind1=" " ind2="0"><subfield code="a">No. 1 (1988)-no. 301 (2000)</subfield><subfield code="8">22516577010006421</subfield></datafield><datafield tag="952" ind1=" " ind2=" "><subfield code="d">2024-05-02 14:54:16</subfield><subfield code="8">22516577010006421</subfield><subfield code="a">2021-07-12 15:42:52</subfield><subfield code="b">ReCAP</subfield><subfield code="c">rcppa: RECAP</subfield><subfield code="e">false</subfield></datafield><datafield tag="876" ind1=" " ind2=" "><subfield code="0">22516576730006421</subfield><subfield code="j">1</subfield><subfield code="z">cjk</subfield><subfield code="a">231101289530006421</subfield><subfield code="3">2025, no. 16  </subfield><subfield code="d">2026-01-28 15:52:16 US/Eastern</subfield><subfield code="q">2026-01-28 15:52:16 US/Eastern</subfield><subfield code="y">eastasian</subfield></datafield><datafield tag="876" ind1=" " ind2=" "><subfield code="0">22516576730006421</subfield><subfield code="j">1</subfield><subfield code="z">cjk</subfield><subfield code="p">32101093207403</subfield><subfield code="t">1</subfield><subfield code="a">23516576430006421</subfield><subfield code="3">no.590-597 2013</subfield><subfield code="d">2013-10-20 20:00:00 US/Eastern</subfield><subfield code="q">2013-10-21 06:59:00 US/Eastern</subfield><subfield code="y">eastasian</subfield></datafield><datafield tag="876" ind1=" " ind2=" "><subfield code="0">22516576730006421</subfield><subfield code="j">1</subfield><subfield code="z">cjk</subfield><subfield code="a">231101289520006421</subfield><subfield code="3">2025, no. 18 </subfield><subfield code="d">2026-01-28 15:54:06 US/Eastern</subfield><subfield code="q">2026-01-28 15:54:06 US/Eastern</subfield><subfield code="y">eastasian</subfield></datafield><datafield tag="876" ind1=" " ind2=" "><subfield code="0">22516576730006421</subfield><subfield code="j">1</subfield><subfield code="z">cjk</subfield><subfield code="p">32101115425090</subfield><subfield code="a">231025109780006421</subfield><subfield code="3">2024 no. 1-8 </subfield><subfield code="d">2024-08-09 14:29:49 US/Eastern</subfield><subfield code="q">2024-08-09 14:33:23 US/Eastern</subfield><subfield code="y">eastasian</subfield></datafield><datafield tag="876" ind1=" " ind2=" "><subfield code="0">22516576730006421</subfield><subfield code="j">1</subfield><subfield code="z">cjk</subfield><subfield code="p">32101081418236</subfield><subfield code="t">1</subfield><subfield code="a">23516576410006421</subfield><subfield code="3">no.622-629 2014</subfield><subfield code="d">2015-02-22 19:00:00 US/Eastern</subfield><subfield code="q">2015-02-23 05:59:00 US/Eastern</subfield><subfield code="y">eastasian</subfield></datafield><datafield tag="876" ind1=" " ind2=" "><subfield code="0">22516576730006421</subfield><subfield code="j">1</subfield><subfield code="z">cjk</subfield><subfield code="p">32101086731856</subfield><subfield code="t">1</subfield><subfield code="a">23516576400006421</subfield><subfield code="3">no.630-637 2014</subfield><subfield code="d">2015-09-03 20:00:00 US/Eastern</subfield><subfield code="q">2015-09-04 06:59:00 US/Eastern</subfield><subfield code="y">eastasian</subfield></datafield><datafield tag="876" ind1=" " ind2=" "><subfield code="0">22516576730006421</subfield><subfield code="j">1</subfield><subfield code="z">cjk</subfield><subfield code="p">32101086662374</subfield><subfield code="t">1</subfield><subfield code="a">23516576420006421</subfield><subfield code="3">no.614-621 2014</subfield><subfield code="d">2014-08-18 20:00:00 US/Eastern</subfield><subfield code="q">2014-08-19 06:59:00 US/Eastern</subfield><subfield code="y">eastasian</subfield></datafield><datafield tag="876" ind1=" " ind2=" "><subfield code="0">22516576730006421</subfield><subfield code="j">1</subfield><subfield code="z">cjk</subfield><subfield code="p">32101086210901</subfield><subfield code="t">1</subfield><subfield code="a">23516576440006421</subfield><subfield code="3">no.542-553 2011</subfield><subfield code="d">2012-04-22 20:00:00 US/Eastern</subfield><subfield code="q">2012-04-23 06:59:00 US/Eastern</subfield><subfield code="y">eastasian</subfield></datafield><datafield tag="876" ind1=" " ind2=" "><subfield code="0">22516576730006421</subfield><subfield code="j">1</subfield><subfield code="z">cjk</subfield><subfield code="p">32101075969129</subfield><subfield code="t">1</subfield><subfield code="a">23516576450006421</subfield><subfield code="3">no.506-517 2009</subfield><subfield code="d">2010-08-25 20:00:00 US/Eastern</subfield><subfield code="q">2010-08-26 06:59:00 US/Eastern</subfield><subfield code="y">eastasian</subfield></datafield><datafield tag="876" ind1=" " ind2=" "><subfield code="0">22516576730006421</subfield><subfield code="j">1</subfield><subfield code="z">cjk</subfield><subfield code="p">32101075349660</subfield><subfield code="t">1</subfield><subfield code="a">23516576460006421</subfield><subfield code="3">no.494-505 2009</subfield><subfield code="d">2010-03-30 20:00:00 US/Eastern</subfield><subfield code="q">2010-03-31 06:59:00 US/Eastern</subfield><subfield code="y">eastasian</subfield></datafield><datafield tag="876" ind1=" " ind2=" "><subfield code="0">22516577010006421</subfield><subfield code="j">1</subfield><subfield code="z">pa</subfield><subfield code="p">32101078881206</subfield><subfield code="t">1</subfield><subfield code="a">23516576790006421</subfield><subfield code="3">no.121-132 1993</subfield><subfield code="d">2010-10-07 20:00:00 US/Eastern</subfield><subfield code="q">2010-10-08 06:59:00 US/Eastern</subfield><subfield code="y">recap</subfield></datafield><datafield tag="876" ind1=" " ind2=" "><subfield code="0">22516577010006421</subfield><subfield code="j">1</subfield><subfield code="z">pa</subfield><subfield code="p">32101078881131</subfield><subfield code="t">1</subfield><subfield code="a">23516576880006421</subfield><subfield code="3">no.37-48 1990</subfield><subfield code="d">2010-10-07 20:00:00 US/Eastern</subfield><subfield code="q">2010-10-08 06:59:00 US/Eastern</subfield><subfield code="y">recap</subfield></datafield><datafield tag="876" ind1=" " ind2=" "><subfield code="0">22516577010006421</subfield><subfield code="j">1</subfield><subfield code="z">pa</subfield><subfield code="p">32101078881156</subfield><subfield code="t">1</subfield><subfield code="a">23516576860006421</subfield><subfield code="3">no.61-72 1991</subfield><subfield code="d">2010-10-07 20:00:00 US/Eastern</subfield><subfield code="q">2010-10-08 06:59:00 US/Eastern</subfield><subfield code="y">recap</subfield></datafield><datafield tag="876" ind1=" " ind2=" "><subfield code="0">22516576730006421</subfield><subfield code="j">1</subfield><subfield code="z">cjk</subfield><subfield code="p">32101072396292</subfield><subfield code="t">1</subfield><subfield code="a">23516576480006421</subfield><subfield code="3">no.470-481 2008</subfield><subfield code="d">2009-10-11 20:00:00 US/Eastern</subfield><subfield code="q">2009-10-12 06:59:00 US/Eastern</subfield><subfield code="y">eastasian</subfield></datafield><datafield tag="876" ind1=" " ind2=" "><subfield code="0">22516577010006421</subfield><subfield code="j">1</subfield><subfield code="z">pa</subfield><subfield code="p">32101078881198</subfield><subfield code="t">1</subfield><subfield code="a">23516576800006421</subfield><subfield code="3">no.109-120 1993</subfield><subfield code="d">2010-10-07 20:00:00 US/Eastern</subfield><subfield code="q">2010-10-08 06:59:00 US/Eastern</subfield><subfield code="y">recap</subfield></datafield><datafield tag="876" ind1=" " ind2=" "><subfield code="0">22516576730006421</subfield><subfield code="j">1</subfield><subfield code="z">cjk</subfield><subfield code="p">32101115610915</subfield><subfield code="a">231043751790006421</subfield><subfield code="3">2024 no. 9-16 </subfield><subfield code="d">2025-03-01 15:23:46 US/Eastern</subfield><subfield code="q">2025-03-01 15:24:08 US/Eastern</subfield><subfield code="y">eastasian</subfield></datafield><datafield tag="876" ind1=" " ind2=" "><subfield code="0">22516577010006421</subfield><subfield code="j">1</subfield><subfield code="z">pa</subfield><subfield code="p">32101078881172</subfield><subfield code="t">1</subfield><subfield code="a">23516576840006421</subfield><subfield code="3">no.85-96 1992</subfield><subfield code="d">2010-10-07 20:00:00 US/Eastern</subfield><subfield code="q">2010-10-08 06:59:00 US/Eastern</subfield><subfield code="y">recap</subfield></datafield><datafield tag="876" ind1=" " ind2=" "><subfield code="0">22516577010006421</subfield><subfield code="j">1</subfield><subfield code="z">pa</subfield><subfield code="p">32101078881255</subfield><subfield code="t">1</subfield><subfield code="a">23516576750006421</subfield><subfield code="3">no.181-192 1996</subfield><subfield code="d">2010-10-07 20:00:00 US/Eastern</subfield><subfield code="q">2010-10-08 06:59:00 US/Eastern</subfield><subfield code="y">recap</subfield></datafield><datafield tag="876" ind1=" " ind2=" "><subfield code="0">22516577010006421</subfield><subfield code="j">1</subfield><subfield code="z">pa</subfield><subfield code="p">32101078881230</subfield><subfield code="t">1</subfield><subfield code="a">23516576770006421</subfield><subfield code="3">no.157-168 1995</subfield><subfield code="d">2010-10-07 20:00:00 US/Eastern</subfield><subfield code="q">2010-10-08 06:59:00 US/Eastern</subfield><subfield code="y">recap</subfield></datafield><datafield tag="876" ind1=" " ind2=" "><subfield code="0">22516576730006421</subfield><subfield code="j">1</subfield><subfield code="z">cjk</subfield><subfield code="p">32101093205019</subfield><subfield code="t">1</subfield><subfield code="a">23516576140006421</subfield><subfield code="3">no.582-589 2012</subfield><subfield code="d">2013-10-06 20:00:00 US/Eastern</subfield><subfield code="q">2013-10-07 06:59:00 US/Eastern</subfield><subfield code="y">eastasian</subfield></datafield><datafield tag="876" ind1=" " ind2=" "><subfield code="0">22516576730006421</subfield><subfield code="j">1</subfield><subfield code="z">cjk</subfield><subfield code="p">32101105706442</subfield><subfield code="t">1</subfield><subfield code="a">23516576310006421</subfield><subfield code="3">no.702-709 2017</subfield><subfield code="d">2019-05-16 20:00:00 US/Eastern</subfield><subfield code="q">2019-05-17 06:59:00 US/Eastern</subfield><subfield code="y">eastasian</subfield></datafield><datafield tag="876" ind1=" " ind2=" "><subfield code="0">22516576730006421</subfield><subfield code="j">1</subfield><subfield code="z">cjk</subfield><subfield code="p">32101105706459</subfield><subfield code="t">1</subfield><subfield code="a">23516576320006421</subfield><subfield code="3">no.694-701 2017</subfield><subfield code="d">2019-05-16 20:00:00 US/Eastern</subfield><subfield code="q">2019-05-17 06:59:00 US/Eastern</subfield><subfield code="y">eastasian</subfield></datafield><datafield tag="876" ind1=" " ind2=" "><subfield code="0">22516576730006421</subfield><subfield code="j">1</subfield><subfield code="z">cjk</subfield><subfield code="a">231092872910006421</subfield><subfield code="3">2025, no. 14 </subfield><subfield code="d">2025-11-13 16:02:34 US/Eastern</subfield><subfield code="q">2025-11-13 16:02:34 US/Eastern</subfield><subfield code="y">eastasian</subfield></datafield><datafield tag="876" ind1=" " ind2=" "><subfield code="0">22516576730006421</subfield><subfield code="j">1</subfield><subfield code="z">cjk</subfield><subfield code="p">32101105706483</subfield><subfield code="t">1</subfield><subfield code="a">23516576350006421</subfield><subfield code="3">no.670-677 2016</subfield><subfield code="d">2019-05-16 20:00:00 US/Eastern</subfield><subfield code="q">2019-05-17 06:59:00 US/Eastern</subfield><subfield code="y">eastasian</subfield></datafield><datafield tag="876" ind1=" " ind2=" "><subfield code="0">22516576730006421</subfield><subfield code="j">1</subfield><subfield code="z">cjk</subfield><subfield code="p">32101110384573</subfield><subfield code="a">23920183310006421</subfield><subfield code="3">2020 no. 17-24 </subfield><subfield code="d">2022-03-23 15:45:27 US/Eastern</subfield><subfield code="q">2022-03-23 15:45:45 US/Eastern</subfield><subfield code="y">eastasian</subfield></datafield><datafield tag="876" ind1=" " ind2=" "><subfield code="0">22516576730006421</subfield><subfield code="j">1</subfield><subfield code="z">cjk</subfield><subfield code="p">32101063689010</subfield><subfield code="t">1</subfield><subfield code="a">23516576500006421</subfield><subfield code="3">no.446-457 2007</subfield><subfield code="d">2008-08-14 20:00:00 US/Eastern</subfield><subfield code="q">2008-08-15 06:59:00 US/Eastern</subfield><subfield code="y">eastasian</subfield></datafield><datafield tag="876" ind1=" " ind2=" "><subfield code="0">22516576730006421</subfield><subfield code="j">1</subfield><subfield code="z">cjk</subfield><subfield code="a">231089964290006421</subfield><subfield code="3">2025, no. 13 </subfield><subfield code="d">2025-10-06 11:07:49 US/Eastern</subfield><subfield code="q">2025-10-06 11:07:49 US/Eastern</subfield><subfield code="y">eastasian</subfield></datafield><datafield tag="876" ind1=" " ind2=" "><subfield code="0">22516576730006421</subfield><subfield code="j">1</subfield><subfield code="z">cjk</subfield><subfield code="p">32101115481507</subfield><subfield code="a">231007334900006421</subfield><subfield code="3">2023 no. 9-16 </subfield><subfield code="d">2023-11-12 19:00:00 US/Eastern</subfield><subfield code="q">2024-02-07 13:53:35 US/Eastern</subfield><subfield code="y">eastasian</subfield></datafield><datafield tag="876" ind1=" " ind2=" "><subfield code="0">22516576730006421</subfield><subfield code="j">1</subfield><subfield code="z">cjk</subfield><subfield code="p">32101117975225</subfield><subfield code="a">23915758830006421</subfield><subfield code="3">2021 no. 17-24 </subfield><subfield code="d">2022-02-19 23:44:03 US/Eastern</subfield><subfield code="q">2023-03-27 13:40:45 US/Eastern</subfield><subfield code="y">eastasian</subfield></datafield><datafield tag="876" ind1=" " ind2=" "><subfield code="0">22516576730006421</subfield><subfield code="j">1</subfield><subfield code="z">cjk</subfield><subfield code="p">32101086731898</subfield><subfield code="t">1</subfield><subfield code="a">23516576390006421</subfield><subfield code="3">no.638-645 2015</subfield><subfield code="d">2015-09-03 20:00:00 US/Eastern</subfield><subfield code="q">2015-09-04 06:59:00 US/Eastern</subfield><subfield code="y">eastasian</subfield></datafield><datafield tag="876" ind1=" " ind2=" "><subfield code="0">22516576730006421</subfield><subfield code="j">1</subfield><subfield code="z">cjk</subfield><subfield code="p">32101105706491</subfield><subfield code="t">1</subfield><subfield code="a">23516576360006421</subfield><subfield code="3">no.662-669 2016</subfield><subfield code="d">2019-05-16 20:00:00 US/Eastern</subfield><subfield code="q">2019-05-17 06:59:00 US/Eastern</subfield><subfield code="y">eastasian</subfield></datafield><datafield tag="876" ind1=" " ind2=" "><subfield code="0">22516576730006421</subfield><subfield code="j">1</subfield><subfield code="z">cjk</subfield><subfield code="p">32101093206959</subfield><subfield code="t">1</subfield><subfield code="a">23516576130006421</subfield><subfield code="3">no.574-581 2012</subfield><subfield code="d">2013-10-14 20:00:00 US/Eastern</subfield><subfield code="q">2013-10-15 06:59:00 US/Eastern</subfield><subfield code="y">eastasian</subfield></datafield><datafield tag="876" ind1=" " ind2=" "><subfield code="0">22516576730006421</subfield><subfield code="j">1</subfield><subfield code="z">cjk</subfield><subfield code="p">32101081844498</subfield><subfield code="t">1</subfield><subfield code="a">23516576170006421</subfield><subfield code="3">no.530-541 2010</subfield><subfield code="d">2012-01-04 19:00:00 US/Eastern</subfield><subfield code="q">2012-01-05 05:59:00 US/Eastern</subfield><subfield code="y">eastasian</subfield></datafield><datafield tag="876" ind1=" " ind2=" "><subfield code="0">22516576730006421</subfield><subfield code="j">1</subfield><subfield code="z">cjk</subfield><subfield code="p">32101082785021</subfield><subfield code="t">1</subfield><subfield code="a">23516576180006421</subfield><subfield code="3">no.518-529 2010</subfield><subfield code="d">2011-05-23 20:00:00 US/Eastern</subfield><subfield code="q">2011-05-24 06:59:00 US/Eastern</subfield><subfield code="y">eastasian</subfield></datafield><datafield tag="876" ind1=" " ind2=" "><subfield code="0">22516577010006421</subfield><subfield code="j">1</subfield><subfield code="z">pa</subfield><subfield code="p">32101078881149</subfield><subfield code="t">1</subfield><subfield code="a">23516576870006421</subfield><subfield code="3">no.49-60 1990</subfield><subfield code="d">2010-10-07 20:00:00 US/Eastern</subfield><subfield code="q">2010-10-08 06:59:00 US/Eastern</subfield><subfield code="y">recap</subfield></datafield><datafield tag="876" ind1=" " ind2=" "><subfield code="0">22516577010006421</subfield><subfield code="j">1</subfield><subfield code="z">pa</subfield><subfield code="p">32101078881263</subfield><subfield code="t">1</subfield><subfield code="a">23516577000006421</subfield><subfield code="3">no.193-204 1996</subfield><subfield code="d">2000-06-12 20:00:00 US/Eastern</subfield><subfield code="q">2000-06-13 06:59:00 US/Eastern</subfield><subfield code="y">recap</subfield></datafield><datafield tag="876" ind1=" " ind2=" "><subfield code="0">22516577010006421</subfield><subfield code="j">1</subfield><subfield code="z">pa</subfield><subfield code="p">32101078881222</subfield><subfield code="t">1</subfield><subfield code="a">23516576940006421</subfield><subfield code="3">no.145-156 1994</subfield><subfield code="d">2010-10-07 20:00:00 US/Eastern</subfield><subfield code="q">2010-10-08 06:59:00 US/Eastern</subfield><subfield code="y">recap</subfield></datafield><datafield tag="876" ind1=" " ind2=" "><subfield code="0">22516576730006421</subfield><subfield code="j">1</subfield><subfield code="z">cjk</subfield><subfield code="p">32101115488692</subfield><subfield code="a">231010919190006421</subfield><subfield code="3">2023 no. 17-24 </subfield><subfield code="d">2024-02-22 12:32:21 US/Eastern</subfield><subfield code="q">2024-05-02 10:55:15 US/Eastern</subfield><subfield code="y">eastasian</subfield></datafield><datafield tag="876" ind1=" " ind2=" "><subfield code="0">22516576730006421</subfield><subfield code="j">1</subfield><subfield code="z">cjk</subfield><subfield code="p">32101043817350</subfield><subfield code="t">1</subfield><subfield code="a">23516576580006421</subfield><subfield code="3">no.314-325 2001</subfield><subfield code="d">2002-09-16 20:00:00 US/Eastern</subfield><subfield code="q">2002-09-17 06:59:00 US/Eastern</subfield><subfield code="y">eastasian</subfield></datafield><datafield tag="876" ind1=" " ind2=" "><subfield code="0">22516577010006421</subfield><subfield code="j">1</subfield><subfield code="z">pa</subfield><subfield code="p">32101078881289</subfield><subfield code="t">1</subfield><subfield code="a">23516576980006421</subfield><subfield code="3">no.217-228 1997</subfield><subfield code="d">2000-06-12 20:00:00 US/Eastern</subfield><subfield code="q">2000-06-13 06:59:00 US/Eastern</subfield><subfield code="y">recap</subfield></datafield><datafield tag="876" ind1=" " ind2=" "><subfield code="0">22516576730006421</subfield><subfield code="j">1</subfield><subfield code="z">cjk</subfield><subfield code="p">32101072396300</subfield><subfield code="t">1</subfield><subfield code="a">23516576470006421</subfield><subfield code="3">no.482-493 2008</subfield><subfield code="d">2009-10-11 20:00:00 US/Eastern</subfield><subfield code="q">2009-10-12 06:59:00 US/Eastern</subfield><subfield code="y">eastasian</subfield></datafield><datafield tag="876" ind1=" " ind2=" "><subfield code="0">22516576730006421</subfield><subfield code="j">1</subfield><subfield code="z">cjk</subfield><subfield code="p">32101059145035</subfield><subfield code="t">1</subfield><subfield code="a">23516576540006421</subfield><subfield code="3">no.398-409 2005</subfield><subfield code="d">2006-02-21 19:00:00 US/Eastern</subfield><subfield code="q">2006-02-22 05:59:00 US/Eastern</subfield><subfield code="y">eastasian</subfield></datafield><datafield tag="876" ind1=" " ind2=" "><subfield code="0">22516576730006421</subfield><subfield code="j">1</subfield><subfield code="z">cjk</subfield><subfield code="a">231089964650006421</subfield><subfield code="3">2025, no. 11 </subfield><subfield code="d">2025-10-06 09:49:50 US/Eastern</subfield><subfield code="q">2025-10-06 09:49:50 US/Eastern</subfield><subfield code="y">eastasian</subfield></datafield><datafield tag="876" ind1=" " ind2=" "><subfield code="0">22516577010006421</subfield><subfield code="j">1</subfield><subfield code="z">pa</subfield><subfield code="p">32101078881115</subfield><subfield code="t">1</subfield><subfield code="a">23516576900006421</subfield><subfield code="3">no.13-24 1989</subfield><subfield code="d">2010-10-07 20:00:00 US/Eastern</subfield><subfield code="q">2010-10-08 06:59:00 US/Eastern</subfield><subfield code="y">recap</subfield></datafield><datafield tag="876" ind1=" " ind2=" "><subfield code="0">22516577010006421</subfield><subfield code="j">1</subfield><subfield code="z">pa</subfield><subfield code="p">32101078881248</subfield><subfield code="t">1</subfield><subfield code="a">23516576760006421</subfield><subfield code="3">no.169-180 1995</subfield><subfield code="d">2010-10-07 20:00:00 US/Eastern</subfield><subfield code="q">2010-10-08 06:59:00 US/Eastern</subfield><subfield code="y">recap</subfield></datafield><datafield tag="876" ind1=" " ind2=" "><subfield code="0">22516576730006421</subfield><subfield code="j">1</subfield><subfield code="z">cjk</subfield><subfield code="p">32101046249775</subfield><subfield code="t">1</subfield><subfield code="a">23516576210006421</subfield><subfield code="3">no.326-337 2002</subfield><subfield code="d">2003-01-06 19:00:00 US/Eastern</subfield><subfield code="q">2003-01-07 05:59:00 US/Eastern</subfield><subfield code="y">eastasian</subfield></datafield><datafield tag="876" ind1=" " ind2=" "><subfield code="0">22516576730006421</subfield><subfield code="j">1</subfield><subfield code="z">cjk</subfield><subfield code="p">32101041636265</subfield><subfield code="t">1</subfield><subfield code="a">23516576220006421</subfield><subfield code="3">no.302-313 2001</subfield><subfield code="d">2001-10-22 20:00:00 US/Eastern</subfield><subfield code="q">2001-10-23 06:59:00 US/Eastern</subfield><subfield code="y">eastasian</subfield></datafield><datafield tag="876" ind1=" " ind2=" "><subfield code="0">22516576730006421</subfield><subfield code="j">1</subfield><subfield code="z">cjk</subfield><subfield code="p">32101108312149</subfield><subfield code="t">1</subfield><subfield code="a">23516576240006421</subfield><subfield code="3">2020 no. 1-8</subfield><subfield code="d">2020-11-09 19:00:00 US/Eastern</subfield><subfield code="q">2020-11-10 05:59:00 US/Eastern</subfield><subfield code="y">eastasian</subfield></datafield><datafield tag="876" ind1=" " ind2=" "><subfield code="0">22516576730006421</subfield><subfield code="j">1</subfield><subfield code="z">cjk</subfield><subfield code="p">32101110384565</subfield><subfield code="a">23920183290006421</subfield><subfield code="3">2021 no. 1-8 </subfield><subfield code="d">2022-03-23 15:46:43 US/Eastern</subfield><subfield code="q">2022-03-23 15:46:58 US/Eastern</subfield><subfield code="y">eastasian</subfield></datafield><datafield tag="876" ind1=" " ind2=" "><subfield code="0">22516576730006421</subfield><subfield code="j">1</subfield><subfield code="z">cjk</subfield><subfield code="p">32101114064577</subfield><subfield code="a">231091246550006421</subfield><subfield code="3">2025 no. 1-8 </subfield><subfield code="d">2025-10-28 13:24:41 US/Eastern</subfield><subfield code="q">2025-10-28 13:24:57 US/Eastern</subfield><subfield code="y">eastasian</subfield></datafield><datafield tag="876" ind1=" " ind2=" "><subfield code="0">22516576730006421</subfield><subfield code="j">1</subfield><subfield code="z">cjk</subfield><subfield code="p">32101114217332</subfield><subfield code="a">23927820610006421</subfield><subfield code="3">2022 no. 17-24 </subfield><subfield code="d">2022-05-04 18:29:59 US/Eastern</subfield><subfield code="q">2022-05-04 16:03:02 US/Eastern</subfield><subfield code="y">eastasian</subfield></datafield><datafield tag="876" ind1=" " ind2=" "><subfield code="0">22516576730006421</subfield><subfield code="j">1</subfield><subfield code="z">cjk</subfield><subfield code="p">32101105706426</subfield><subfield code="t">1</subfield><subfield code="a">23516576290006421</subfield><subfield code="3">no.718-725 2018</subfield><subfield code="d">2019-05-16 20:00:00 US/Eastern</subfield><subfield code="q">2019-05-17 06:59:00 US/Eastern</subfield><subfield code="y">eastasian</subfield></datafield><datafield tag="876" ind1=" " ind2=" "><subfield code="0">22516576730006421</subfield><subfield code="j">1</subfield><subfield code="z">cjk</subfield><subfield code="p">32101114064585</subfield><subfield code="a">231091246580006421</subfield><subfield code="3">2024 no. 17-24 </subfield><subfield code="d">2025-10-28 13:22:14 US/Eastern</subfield><subfield code="q">2025-10-28 13:22:35 US/Eastern</subfield><subfield code="y">eastasian</subfield></datafield><datafield tag="876" ind1=" " ind2=" "><subfield code="0">22516576730006421</subfield><subfield code="j">1</subfield><subfield code="z">cjk</subfield><subfield code="p">32101105706418</subfield><subfield code="t">1</subfield><subfield code="a">23516576280006421</subfield><subfield code="3">no.726-733 2018</subfield><subfield code="d">2019-05-16 20:00:00 US/Eastern</subfield><subfield code="q">2019-05-17 06:59:00 US/Eastern</subfield><subfield code="y">eastasian</subfield></datafield><datafield tag="876" ind1=" " ind2=" "><subfield code="0">22516576730006421</subfield><subfield code="j">1</subfield><subfield code="z">cjk</subfield><subfield code="a">231100145530006421</subfield><subfield code="3">2025 no. 19 </subfield><subfield code="d">2026-01-15 10:36:08 US/Eastern</subfield><subfield code="q">2026-01-15 10:36:08 US/Eastern</subfield><subfield code="y">eastasian</subfield></datafield><datafield tag="876" ind1=" " ind2=" "><subfield code="0">22516576730006421</subfield><subfield code="j">1</subfield><subfield code="z">cjk</subfield><subfield code="p">32101108312164</subfield><subfield code="t">1</subfield><subfield code="a">23516576260006421</subfield><subfield code="3">2019 no. 9-16</subfield><subfield code="d">2020-11-09 19:00:00 US/Eastern</subfield><subfield code="q">2020-11-10 05:59:00 US/Eastern</subfield><subfield code="y">eastasian</subfield></datafield><datafield tag="876" ind1=" " ind2=" "><subfield code="0">22516576730006421</subfield><subfield code="j">1</subfield><subfield code="z">cjk</subfield><subfield code="p">32101108312156</subfield><subfield code="t">1</subfield><subfield code="a">23516576250006421</subfield><subfield code="3">2019 no. 17-24</subfield><subfield code="d">2020-11-09 19:00:00 US/Eastern</subfield><subfield code="q">2020-11-10 05:59:00 US/Eastern</subfield><subfield code="y">eastasian</subfield></datafield><datafield tag="876" ind1=" " ind2=" "><subfield code="0">22516576730006421</subfield><subfield code="j">1</subfield><subfield code="z">cjk</subfield><subfield code="p">32101108312172</subfield><subfield code="t">1</subfield><subfield code="a">23516576270006421</subfield><subfield code="3">2019 no. 1-8</subfield><subfield code="d">2020-11-09 19:00:00 US/Eastern</subfield><subfield code="q">2020-11-10 05:59:00 US/Eastern</subfield><subfield code="y">eastasian</subfield></datafield><datafield tag="876" ind1=" " ind2=" "><subfield code="0">22516576730006421</subfield><subfield code="j">1</subfield><subfield code="z">cjk</subfield><subfield code="p">32101050176310</subfield><subfield code="t">1</subfield><subfield code="a">23516576200006421</subfield><subfield code="3">no.362-373 2003</subfield><subfield code="d">2004-04-12 20:00:00 US/Eastern</subfield><subfield code="q">2004-04-13 06:59:00 US/Eastern</subfield><subfield code="y">eastasian</subfield></datafield><datafield tag="876" ind1=" " ind2=" "><subfield code="0">22516577010006421</subfield><subfield code="j">1</subfield><subfield code="z">pa</subfield><subfield code="p">32101078881313</subfield><subfield code="t">1</subfield><subfield code="a">23516576950006421</subfield><subfield code="3">no.253-264 1999</subfield><subfield code="d">2000-06-12 20:00:00 US/Eastern</subfield><subfield code="q">2000-06-13 06:59:00 US/Eastern</subfield><subfield code="y">recap</subfield></datafield><datafield tag="876" ind1=" " ind2=" "><subfield code="0">22516577010006421</subfield><subfield code="j">1</subfield><subfield code="z">pa</subfield><subfield code="p">32101078881297</subfield><subfield code="t">1</subfield><subfield code="a">23516576970006421</subfield><subfield code="3">no.229-240 1998</subfield><subfield code="d">2000-06-12 20:00:00 US/Eastern</subfield><subfield code="q">2000-06-13 06:59:00 US/Eastern</subfield><subfield code="y">recap</subfield></datafield><datafield tag="876" ind1=" " ind2=" "><subfield code="0">22516577010006421</subfield><subfield code="j">1</subfield><subfield code="z">pa</subfield><subfield code="p">32101078881321</subfield><subfield code="t">1</subfield><subfield code="a">23516576930006421</subfield><subfield code="3">no.265-277 1999</subfield><subfield code="d">2001-01-07 19:00:00 US/Eastern</subfield><subfield code="q">2001-01-08 05:59:00 US/Eastern</subfield><subfield code="y">recap</subfield></datafield><datafield tag="876" ind1=" " ind2=" "><subfield code="0">22516577010006421</subfield><subfield code="j">1</subfield><subfield code="z">pa</subfield><subfield code="p">32101078881271</subfield><subfield code="t">1</subfield><subfield code="a">23516576990006421</subfield><subfield code="3">no.205-216 1997</subfield><subfield code="d">2000-06-12 20:00:00 US/Eastern</subfield><subfield code="q">2000-06-13 06:59:00 US/Eastern</subfield><subfield code="y">recap</subfield></datafield><datafield tag="876" ind1=" " ind2=" "><subfield code="0">22516576730006421</subfield><subfield code="j">1</subfield><subfield code="z">cjk</subfield><subfield code="p">32101117975209</subfield><subfield code="a">23966770190006421</subfield><subfield code="3">2022 no. 9-16 </subfield><subfield code="d">2023-03-27 13:44:40 US/Eastern</subfield><subfield code="q">2023-03-27 13:44:56 US/Eastern</subfield><subfield code="y">eastasian</subfield></datafield><datafield tag="876" ind1=" " ind2=" "><subfield code="0">22516576730006421</subfield><subfield code="j">1</subfield><subfield code="z">cjk</subfield><subfield code="p">32101056464116</subfield><subfield code="t">1</subfield><subfield code="a">23516576550006421</subfield><subfield code="3">no.386-397 2004</subfield><subfield code="d">2005-09-20 20:00:00 US/Eastern</subfield><subfield code="q">2005-09-21 06:59:00 US/Eastern</subfield><subfield code="y">eastasian</subfield></datafield><datafield tag="876" ind1=" " ind2=" "><subfield code="0">22516576730006421</subfield><subfield code="j">1</subfield><subfield code="z">cjk</subfield><subfield code="p">32101060515424</subfield><subfield code="t">1</subfield><subfield code="a">23516576530006421</subfield><subfield code="3">no.410-421 2005</subfield><subfield code="d">2007-03-07 19:00:00 US/Eastern</subfield><subfield code="q">2007-03-08 05:59:00 US/Eastern</subfield><subfield code="y">eastasian</subfield></datafield><datafield tag="876" ind1=" " ind2=" "><subfield code="0">22516576730006421</subfield><subfield code="j">1</subfield><subfield code="z">cjk</subfield><subfield code="p">32101050110343</subfield><subfield code="t">1</subfield><subfield code="a">23516576570006421</subfield><subfield code="3">no.338-349 2002</subfield><subfield code="d">2003-10-13 20:00:00 US/Eastern</subfield><subfield code="q">2003-10-14 06:59:00 US/Eastern</subfield><subfield code="y">eastasian</subfield></datafield><datafield tag="876" ind1=" " ind2=" "><subfield code="0">22516577010006421</subfield><subfield code="j">1</subfield><subfield code="z">pa</subfield><subfield code="p">32101078881107</subfield><subfield code="t">1</subfield><subfield code="a">23516576910006421</subfield><subfield code="3">no.1-12 1988</subfield><subfield code="d">2010-10-07 20:00:00 US/Eastern</subfield><subfield code="q">2010-10-08 06:59:00 US/Eastern</subfield><subfield code="y">recap</subfield></datafield><datafield tag="876" ind1=" " ind2=" "><subfield code="0">22516576730006421</subfield><subfield code="j">1</subfield><subfield code="z">cjk</subfield><subfield code="a">231101286480006421</subfield><subfield code="3">2025 no. 21 </subfield><subfield code="d">2026-01-29 15:33:15 US/Eastern</subfield><subfield code="q">2026-01-29 15:33:28 US/Eastern</subfield><subfield code="y">eastasian</subfield></datafield><datafield tag="876" ind1=" " ind2=" "><subfield code="0">22516576730006421</subfield><subfield code="j">1</subfield><subfield code="z">cjk</subfield><subfield code="a">231092872740006421</subfield><subfield code="3">2025, no. 15 </subfield><subfield code="d">2025-11-13 16:22:35 US/Eastern</subfield><subfield code="q">2025-11-13 16:22:35 US/Eastern</subfield><subfield code="y">eastasian</subfield></datafield><datafield tag="876" ind1=" " ind2=" "><subfield code="0">22516576730006421</subfield><subfield code="j">1</subfield><subfield code="z">cjk</subfield><subfield code="p">32101105706434</subfield><subfield code="t">1</subfield><subfield code="a">23516576300006421</subfield><subfield code="3">no.710-717 2018</subfield><subfield code="d">2019-05-16 20:00:00 US/Eastern</subfield><subfield code="q">2019-05-17 06:59:00 US/Eastern</subfield><subfield code="y">eastasian</subfield></datafield><datafield tag="876" ind1=" " ind2=" "><subfield code="0">22516576730006421</subfield><subfield code="j">1</subfield><subfield code="z">cjk</subfield><subfield code="a">231083069870006421</subfield><subfield code="3">2025, no. 10 </subfield><subfield code="d">2025-08-12 11:52:03 US/Eastern</subfield><subfield code="q">2025-08-12 11:52:03 US/Eastern</subfield><subfield code="y">eastasian</subfield></datafield><datafield tag="876" ind1=" " ind2=" "><subfield code="0">22516576730006421</subfield><subfield code="j">1</subfield><subfield code="z">cjk</subfield><subfield code="a">231088636650006421</subfield><subfield code="3">2025, no. 12 </subfield><subfield code="d">2025-09-19 13:40:44 US/Eastern</subfield><subfield code="q">2025-09-19 13:40:44 US/Eastern</subfield><subfield code="y">eastasian</subfield></datafield><datafield tag="876" ind1=" " ind2=" "><subfield code="0">22516576730006421</subfield><subfield code="j">1</subfield><subfield code="z">cjk</subfield><subfield code="p">32101105706467</subfield><subfield code="t">1</subfield><subfield code="a">23516576330006421</subfield><subfield code="3">no.686-693 2017</subfield><subfield code="d">2019-05-16 20:00:00 US/Eastern</subfield><subfield code="q">2019-05-17 06:59:00 US/Eastern</subfield><subfield code="y">eastasian</subfield></datafield><datafield tag="876" ind1=" " ind2=" "><subfield code="0">22516576730006421</subfield><subfield code="j">1</subfield><subfield code="z">cjk</subfield><subfield code="p">32101110384581</subfield><subfield code="a">23920183330006421</subfield><subfield code="3">2020 no. 9-16 </subfield><subfield code="d">2022-03-23 15:43:24 US/Eastern</subfield><subfield code="q">2022-03-23 15:44:33 US/Eastern</subfield><subfield code="y">eastasian</subfield></datafield><datafield tag="876" ind1=" " ind2=" "><subfield code="0">22516576730006421</subfield><subfield code="j">1</subfield><subfield code="z">cjk</subfield><subfield code="p">32101114217324</subfield><subfield code="a">23989520160006421</subfield><subfield code="3">2023 no. 1-8 </subfield><subfield code="d">2023-08-07 16:03:41 US/Eastern</subfield><subfield code="q">2023-08-07 16:04:02 US/Eastern</subfield><subfield code="y">eastasian</subfield></datafield><datafield tag="876" ind1=" " ind2=" "><subfield code="0">22516576730006421</subfield><subfield code="j">1</subfield><subfield code="z">cjk</subfield><subfield code="p">32101063679698</subfield><subfield code="t">1</subfield><subfield code="a">23516576510006421</subfield><subfield code="3">no.434-445 2006</subfield><subfield code="d">2008-03-26 20:00:00 US/Eastern</subfield><subfield code="q">2008-03-27 06:59:00 US/Eastern</subfield><subfield code="y">eastasian</subfield></datafield><datafield tag="876" ind1=" " ind2=" "><subfield code="0">22516576730006421</subfield><subfield code="j">1</subfield><subfield code="z">cjk</subfield><subfield code="p">32101117975233</subfield><subfield code="a">23966770210006421</subfield><subfield code="3">2021 no. 9-16 </subfield><subfield code="d">2023-03-27 13:39:11 US/Eastern</subfield><subfield code="q">2023-03-27 13:39:29 US/Eastern</subfield><subfield code="y">eastasian</subfield></datafield><datafield tag="876" ind1=" " ind2=" "><subfield code="0">22516576730006421</subfield><subfield code="j">1</subfield><subfield code="z">cjk</subfield><subfield code="p">32101105706475</subfield><subfield code="t">1</subfield><subfield code="a">23516576340006421</subfield><subfield code="3">no.678-685 2016</subfield><subfield code="d">2019-05-16 20:00:00 US/Eastern</subfield><subfield code="q">2019-05-17 06:59:00 US/Eastern</subfield><subfield code="y">eastasian</subfield></datafield><datafield tag="876" ind1=" " ind2=" "><subfield code="0">22516576730006421</subfield><subfield code="j">1</subfield><subfield code="z">cjk</subfield><subfield code="p">32101063089393</subfield><subfield code="t">1</subfield><subfield code="a">23516576520006421</subfield><subfield code="3">no.422-433 2006</subfield><subfield code="d">2007-12-20 19:00:00 US/Eastern</subfield><subfield code="q">2007-12-21 05:59:00 US/Eastern</subfield><subfield code="y">eastasian</subfield></datafield><datafield tag="876" ind1=" " ind2=" "><subfield code="0">22516576730006421</subfield><subfield code="j">1</subfield><subfield code="z">cjk</subfield><subfield code="a">231101286290006421</subfield><subfield code="3">2025 no. 20 </subfield><subfield code="d">2026-01-29 15:58:28 US/Eastern</subfield><subfield code="q">2026-01-29 15:58:40 US/Eastern</subfield><subfield code="y">eastasian</subfield></datafield><datafield tag="876" ind1=" " ind2=" "><subfield code="0">22516576730006421</subfield><subfield code="j">1</subfield><subfield code="z">cjk</subfield><subfield code="p">32101117975217</subfield><subfield code="a">23966770200006421</subfield><subfield code="3">2022 no. 1-8 </subfield><subfield code="d">2023-03-27 13:43:45 US/Eastern</subfield><subfield code="q">2023-03-27 13:44:06 US/Eastern</subfield><subfield code="y">eastasian</subfield></datafield><datafield tag="876" ind1=" " ind2=" "><subfield code="0">22516576730006421</subfield><subfield code="j">1</subfield><subfield code="z">cjk</subfield><subfield code="p">32101099726455</subfield><subfield code="t">1</subfield><subfield code="a">23516576380006421</subfield><subfield code="3">no.646-653 2015</subfield><subfield code="d">2016-07-20 20:00:00 US/Eastern</subfield><subfield code="q">2016-07-21 06:59:00 US/Eastern</subfield><subfield code="y">eastasian</subfield></datafield><datafield tag="876" ind1=" " ind2=" "><subfield code="0">22516576730006421</subfield><subfield code="j">1</subfield><subfield code="z">cjk</subfield><subfield code="p">32101099726745</subfield><subfield code="t">1</subfield><subfield code="a">23516576370006421</subfield><subfield code="3">no.654-661 2015</subfield><subfield code="d">2016-07-20 20:00:00 US/Eastern</subfield><subfield code="q">2016-07-21 06:59:00 US/Eastern</subfield><subfield code="y">eastasian</subfield></datafield><datafield tag="876" ind1=" " ind2=" "><subfield code="0">22516576730006421</subfield><subfield code="j">1</subfield><subfield code="z">cjk</subfield><subfield code="a">231101098700006421</subfield><subfield code="3">2025, no. 17 </subfield><subfield code="d">2026-01-23 16:05:39 US/Eastern</subfield><subfield code="q">2026-01-23 16:05:38 US/Eastern</subfield><subfield code="y">eastasian</subfield></datafield><datafield tag="876" ind1=" " ind2=" "><subfield code="0">22516576730006421</subfield><subfield code="j">1</subfield><subfield code="z">cjk</subfield><subfield code="p">32101086656970</subfield><subfield code="t">1</subfield><subfield code="a">23516576120006421</subfield><subfield code="3">no.606-613 2013</subfield><subfield code="d">2014-05-12 20:00:00 US/Eastern</subfield><subfield code="q">2014-05-13 06:59:00 US/Eastern</subfield><subfield code="y">eastasian</subfield></datafield><datafield tag="876" ind1=" " ind2=" "><subfield code="0">22516576730006421</subfield><subfield code="j">1</subfield><subfield code="z">cjk</subfield><subfield code="p">32101093528667</subfield><subfield code="t">1</subfield><subfield code="a">23516576110006421</subfield><subfield code="3">no.598-605 2013</subfield><subfield code="d">2014-02-25 19:00:00 US/Eastern</subfield><subfield code="q">2014-02-26 05:59:00 US/Eastern</subfield><subfield code="y">eastasian</subfield></datafield><datafield tag="876" ind1=" " ind2=" "><subfield code="0">22516576730006421</subfield><subfield code="j">1</subfield><subfield code="z">cjk</subfield><subfield code="p">32101084866555</subfield><subfield code="t">1</subfield><subfield code="a">23516576150006421</subfield><subfield code="3">no.566-573 2012</subfield><subfield code="d">2013-05-29 20:00:00 US/Eastern</subfield><subfield code="q">2013-05-30 06:59:00 US/Eastern</subfield><subfield code="y">eastasian</subfield></datafield><datafield tag="876" ind1=" " ind2=" "><subfield code="0">22516576730006421</subfield><subfield code="j">1</subfield><subfield code="z">cjk</subfield><subfield code="p">32101084866548</subfield><subfield code="t">1</subfield><subfield code="a">23516576160006421</subfield><subfield code="3">no.554-565 2011</subfield><subfield code="d">2013-05-29 20:00:00 US/Eastern</subfield><subfield code="q">2013-05-30 06:59:00 US/Eastern</subfield><subfield code="y">eastasian</subfield></datafield><datafield tag="876" ind1=" " ind2=" "><subfield code="0">22516576730006421</subfield><subfield code="j">1</subfield><subfield code="z">cjk</subfield><subfield code="p">32101056652827</subfield><subfield code="t">1</subfield><subfield code="a">23516576190006421</subfield><subfield code="3">no.374-385 2004</subfield><subfield code="d">2005-02-13 19:00:00 US/Eastern</subfield><subfield code="q">2005-02-14 05:59:00 US/Eastern</subfield><subfield code="y">eastasian</subfield></datafield><datafield tag="876" ind1=" " ind2=" "><subfield code="0">22516577010006421</subfield><subfield code="j">1</subfield><subfield code="z">pa</subfield><subfield code="p">32101078881305</subfield><subfield code="t">1</subfield><subfield code="a">23516576960006421</subfield><subfield code="3">no.241-252 1998</subfield><subfield code="d">2000-06-12 20:00:00 US/Eastern</subfield><subfield code="q">2000-06-13 06:59:00 US/Eastern</subfield><subfield code="y">recap</subfield></datafield><datafield tag="876" ind1=" " ind2=" "><subfield code="0">22516577010006421</subfield><subfield code="j">1</subfield><subfield code="z">pa</subfield><subfield code="p">32101078881164</subfield><subfield code="t">1</subfield><subfield code="a">23516576850006421</subfield><subfield code="3">no.73-84 1991</subfield><subfield code="d">2010-10-07 20:00:00 US/Eastern</subfield><subfield code="q">2010-10-08 06:59:00 US/Eastern</subfield><subfield code="y">recap</subfield></datafield><datafield tag="876" ind1=" " ind2=" "><subfield code="0">22516577010006421</subfield><subfield code="j">1</subfield><subfield code="z">pa</subfield><subfield code="p">32101078881123</subfield><subfield code="t">1</subfield><subfield code="a">23516576890006421</subfield><subfield code="3">no.25-36 1989</subfield><subfield code="d">2010-10-07 20:00:00 US/Eastern</subfield><subfield code="q">2010-10-08 06:59:00 US/Eastern</subfield><subfield code="y">recap</subfield></datafield><datafield tag="876" ind1=" " ind2=" "><subfield code="0">22516577010006421</subfield><subfield code="j">1</subfield><subfield code="z">pa</subfield><subfield code="p">32101043817368</subfield><subfield code="t">1</subfield><subfield code="a">23516576920006421</subfield><subfield code="3">no.278-289 2000</subfield><subfield code="d">2002-09-16 20:00:00 US/Eastern</subfield><subfield code="q">2002-09-17 06:59:00 US/Eastern</subfield><subfield code="y">recap</subfield></datafield><datafield tag="876" ind1=" " ind2=" "><subfield code="0">22516576730006421</subfield><subfield code="j">1</subfield><subfield code="z">cjk</subfield><subfield code="p">32101063689028</subfield><subfield code="t">1</subfield><subfield code="a">23516576490006421</subfield><subfield code="3">no.458-469 2007</subfield><subfield code="d">2008-08-14 20:00:00 US/Eastern</subfield><subfield code="q">2008-08-15 06:59:00 US/Eastern</subfield><subfield code="y">eastasian</subfield></datafield><datafield tag="876" ind1=" " ind2=" "><subfield code="0">22516576730006421</subfield><subfield code="j">1</subfield><subfield code="z">cjk</subfield><subfield code="p">32101050170719</subfield><subfield code="t">1</subfield><subfield code="a">23516576560006421</subfield><subfield code="3">no.350-361 2003</subfield><subfield code="d">2004-01-29 19:00:00 US/Eastern</subfield><subfield code="q">2004-01-30 05:59:00 US/Eastern</subfield><subfield code="y">eastasian</subfield></datafield><datafield tag="876" ind1=" " ind2=" "><subfield code="0">22516577010006421</subfield><subfield code="j">1</subfield><subfield code="z">pa</subfield><subfield code="p">32101078881180</subfield><subfield code="t">1</subfield><subfield code="a">23516576810006421</subfield><subfield code="3">no.97-108 1992</subfield><subfield code="d">2010-10-07 20:00:00 US/Eastern</subfield><subfield code="q">2010-10-08 06:59:00 US/Eastern</subfield><subfield code="y">recap</subfield></datafield><datafield tag="876" ind1=" " ind2=" "><subfield code="0">22516577010006421</subfield><subfield code="j">1</subfield><subfield code="z">pa</subfield><subfield code="p">32101078881214</subfield><subfield code="t">1</subfield><subfield code="a">23516576780006421</subfield><subfield code="3">no.133-144 1994</subfield><subfield code="d">2010-10-07 20:00:00 US/Eastern</subfield><subfield code="q">2010-10-08 06:59:00 US/Eastern</subfield><subfield code="y">recap</subfield></datafield><datafield tag="876" ind1=" " ind2=" "><subfield code="0">22516577010006421</subfield><subfield code="j">1</subfield><subfield code="z">pa</subfield><subfield code="p">32101078881339</subfield><subfield code="t">1</subfield><subfield code="a">23516576740006421</subfield><subfield code="3">no.290-301 2000</subfield><subfield code="d">2001-06-06 20:00:00 US/Eastern</subfield><subfield code="q">2001-06-07 06:59:00 US/Eastern</subfield><subfield code="y">recap</subfield></datafield></record>