<record><leader>02384cas a2200481 a 4500</leader><controlfield tag="005">20241127115807.0</controlfield><controlfield tag="008">951116c19929999cc sr p       0   e0chi d</controlfield><controlfield tag="001">9931449463506421</controlfield><datafield tag="022" ind1=" " ind2=" "><subfield code="a">1004-3381</subfield></datafield><datafield tag="035" ind1=" " ind2=" "><subfield code="a">(CStRLIN)NJPX95-S377</subfield></datafield><datafield tag="035" ind1=" " ind2=" "><subfield code="a">(NjP)3144946-princetondb</subfield></datafield><datafield tag="035" ind1=" " ind2=" "><subfield code="a">(OCoLC)ocm28446165</subfield></datafield><datafield tag="035" ind1=" " ind2=" "><subfield code="z">(NjP)Voyager3144946</subfield></datafield><datafield tag="040" ind1=" " ind2=" "><subfield code="a">CSt-H</subfield><subfield code="b">eng</subfield><subfield code="c">CSt-H</subfield><subfield code="d">NjP-G</subfield><subfield code="d">CStRLIN</subfield></datafield><datafield tag="066" ind1=" " ind2=" "><subfield code="c">$1</subfield></datafield><datafield tag="090" ind1=" " ind2=" "><subfield code="a">AP95.C4</subfield><subfield code="b">J46</subfield><subfield code="i">01/15/02 T</subfield><subfield code="h">05/18/00 T</subfield><subfield code="h">12/03/99 T</subfield><subfield code="h">05/25/99 T</subfield><subfield code="h">01/20/99 T</subfield><subfield code="h">07/21/97 T</subfield><subfield code="h">09/09/96 T</subfield></datafield><datafield tag="130" ind1="0" ind2=" "><subfield code="6">880-01</subfield><subfield code="a">Ren min lun tan (Beijing, China)</subfield></datafield><datafield tag="880" ind1="0" ind2=" "><subfield code="6">130-01/$1</subfield><subfield code="a">人民論壇 (Beijing, China)</subfield></datafield><datafield tag="245" ind1="0" ind2="0"><subfield code="6">880-02</subfield><subfield code="a">Ren min lun tan =</subfield><subfield code="b">People's tribune.</subfield></datafield><datafield tag="880" ind1="0" ind2="0"><subfield code="6">245-02/$1</subfield><subfield code="a">人民論壇 =</subfield><subfield code="b">People's tribune.</subfield></datafield><datafield tag="246" ind1="3" ind2="1"><subfield code="a">People's tribune</subfield></datafield><datafield tag="246" ind1="3" ind2=" "><subfield code="a">Renminluntan</subfield><subfield code="f">1993.1</subfield></datafield><datafield tag="260" ind1=" " ind2=" "><subfield code="6">880-03</subfield><subfield code="a">Beijing :</subfield><subfield code="b">"Ren min lun tan" za zhi she,</subfield></datafield><datafield tag="880" ind1=" " ind2=" "><subfield code="6">260-03/$1</subfield><subfield code="a">北京　:</subfield><subfield code="b">《人民论坛》杂志社,</subfield></datafield><datafield tag="300" ind1=" " ind2=" "><subfield code="a">v. :</subfield><subfield code="b">ill. ;</subfield><subfield code="c">27 cm.</subfield></datafield><datafield tag="310" ind1=" " ind2=" "><subfield code="a">Semimonthly:</subfield><subfield code="b">2022-</subfield></datafield><datafield tag="321" ind1=" " ind2=" "><subfield code="a">Three times a month,</subfield><subfield code="b">2010-2021</subfield></datafield><datafield tag="321" ind1=" " ind2=" "><subfield code="a">Semimonthly,</subfield><subfield code="b">2006-2009</subfield></datafield><datafield tag="321" ind1=" " ind2=" "><subfield code="a">Monthly,</subfield><subfield code="b">1992-2005</subfield></datafield><datafield tag="362" ind1="1" ind2=" "><subfield code="a">Began in 1992.</subfield></datafield><datafield tag="515" ind1=" " ind2=" "><subfield code="a">After 2024 no. 3A, the numbering drops shang (as part A) and xia (as part B) to issue no. 1-12, but no. 1-24 instead.</subfield></datafield><datafield tag="583" ind1="1" ind2=" "><subfield code="a">Committed to retain</subfield><subfield code="d">in perpetuity</subfield><subfield code="f">ReCAP</subfield><subfield code="f">Chinese Serials Collaborative Collection</subfield><subfield code="5">[MH, NjP, NN, or NNC]</subfield><subfield code="u">http://arks.princeton.edu/ark:/88435/dcxg94j1575</subfield></datafield><datafield tag="588" ind1=" " ind2=" "><subfield code="a">Description based on no: 1993.1 = zong di 1 qi; title from cover.</subfield></datafield><datafield tag="550" ind1=" " ind2=" "><subfield code="a">Sponsored by: Ren min ri bao she.</subfield></datafield><datafield tag="710" ind1="2" ind2=" "><subfield code="6">880-04</subfield><subfield code="a">Ren min ri bao she.</subfield><subfield code="0">http://id.loc.gov/authorities/names/n79010019</subfield></datafield><datafield tag="880" ind1="2" ind2=" "><subfield code="6">710-04/$1</subfield><subfield code="a">人民日报社．</subfield></datafield><datafield tag="914" ind1=" " ind2=" "><subfield code="a">(OCoLC)ocm28446165</subfield><subfield code="b">OCoLC</subfield><subfield code="c">match</subfield><subfield code="d">20221117</subfield><subfield code="e">processed</subfield><subfield code="f">28446165</subfield></datafield><datafield tag="950" ind1=" " ind2=" "><subfield code="l">C</subfield><subfield code="v">No.1 (1992)-4,5-8,10-93 (1999)</subfield><subfield code="n">#9</subfield><subfield code="n">#50</subfield><subfield code="p">2</subfield></datafield><datafield tag="955" ind1=" " ind2=" "><subfield code="l">C</subfield><subfield code="c">1:(no.10-21 1993)</subfield><subfield code="q">CNPITC 6-24-93</subfield><subfield code="h">09/09/96 C</subfield></datafield><datafield tag="955" ind1=" " ind2=" "><subfield code="l">C</subfield><subfield code="c">1:(no.34-45 1995)</subfield><subfield code="r">32101026533743</subfield><subfield code="h">09/09/96 C</subfield></datafield><datafield tag="955" ind1=" " ind2=" "><subfield code="l">C</subfield><subfield code="c">1:(no.46-57 1996)</subfield><subfield code="r">32101032851899</subfield><subfield code="h">07/21/97 C</subfield></datafield><datafield tag="987" ind1=" " ind2=" "><subfield code="a">PINYIN</subfield><subfield code="b">CStRLIN</subfield><subfield code="c">20010115</subfield><subfield code="d">c</subfield></datafield><datafield tag="998" ind1=" " ind2=" "><subfield code="a">01/15/02</subfield><subfield code="t">c</subfield><subfield code="s">9114</subfield><subfield code="n">NjP-G</subfield><subfield code="w">CSUO93S109</subfield><subfield code="d">05/18/00</subfield><subfield code="c">CSW</subfield><subfield code="b">SML</subfield><subfield code="i">020115</subfield><subfield code="h">000518</subfield><subfield code="h">991203</subfield><subfield code="h">990525</subfield><subfield code="h">990120</subfield><subfield code="h">970721</subfield><subfield code="h">960909</subfield><subfield code="l">NJPX</subfield></datafield><datafield tag="950" ind1=" " ind2=" "><subfield code="c">2024-11-27 11:58:07 US/Eastern</subfield><subfield code="b">2021-07-13 01:55:58 US/Eastern</subfield><subfield code="a">false</subfield></datafield><datafield tag="852" ind1="0" ind2=" "><subfield code="b">recap</subfield><subfield code="c">pa</subfield><subfield code="h">AP95.C4</subfield><subfield code="i">J46</subfield><subfield code="8">22670787890006421</subfield></datafield><datafield tag="866" ind1=" " ind2="0"><subfield code="a">No. 1/2 (1992)-no. 427 (2013); 2014, no. 1-2016, no.12</subfield><subfield code="8">22670787890006421</subfield></datafield><datafield tag="866" ind1=" " ind2="0"><subfield code="z">LACKS: no. 11, 198,  207, 248</subfield><subfield code="8">22670787890006421</subfield></datafield><datafield tag="866" ind1=" " ind2="0"><subfield code="z">2009, 2014-2016: Each issue no. has part 1 and 3.</subfield><subfield code="8">22670787890006421</subfield></datafield><datafield tag="952" ind1=" " ind2=" "><subfield code="d">2024-05-02 13:50:39</subfield><subfield code="8">22670787890006421</subfield><subfield code="a">2021-07-13 05:55:58</subfield><subfield code="b">ReCAP</subfield><subfield code="c">rcppa: RECAP</subfield><subfield code="e">false</subfield></datafield><datafield tag="852" ind1="0" ind2=" "><subfield code="b">eastasian</subfield><subfield code="c">cjk</subfield><subfield code="h">AP95.C4</subfield><subfield code="i">J46</subfield><subfield code="8">22670788470006421</subfield></datafield><datafield tag="866" ind1=" " ind2="0"><subfield code="a">2017 no. 1-2025 no. 12</subfield><subfield code="8">22670788470006421</subfield></datafield><datafield tag="866" ind1=" " ind2="0"><subfield code="z">CURRENT ISSUES IN: East Asian Library (Gest)</subfield><subfield code="8">22670788470006421</subfield></datafield><datafield tag="952" ind1=" " ind2=" "><subfield code="d">2025-12-16 17:57:31</subfield><subfield code="8">22670788470006421</subfield><subfield code="a">2021-07-13 05:55:58</subfield><subfield code="b">East Asian Library</subfield><subfield code="c">cjk: East Asian Library</subfield><subfield code="e">false</subfield></datafield><datafield tag="876" ind1=" " ind2=" "><subfield code="0">22670788470006421</subfield><subfield code="j">1</subfield><subfield code="z">cjk</subfield><subfield code="a">231101286760006421</subfield><subfield code="3">2025 no. 19 </subfield><subfield code="d">2026-01-29 15:06:09 US/Eastern</subfield><subfield code="q">2026-01-29 15:06:21 US/Eastern</subfield><subfield code="y">eastasian</subfield></datafield><datafield tag="876" ind1=" " ind2=" "><subfield code="0">22670787890006421</subfield><subfield code="j">1</subfield><subfield code="z">pa</subfield><subfield code="p">32101086730908</subfield><subfield code="t">1</subfield><subfield code="a">23670787470006421</subfield><subfield code="3">2014 no.5-8</subfield><subfield code="d">2015-08-23 20:00:00 US/Eastern</subfield><subfield code="q">2015-08-24 06:59:00 US/Eastern</subfield><subfield code="y">recap</subfield></datafield><datafield tag="876" ind1=" " ind2=" "><subfield code="0">22670787890006421</subfield><subfield code="j">1</subfield><subfield code="z">pa</subfield><subfield code="p">32101063682080</subfield><subfield code="t">1</subfield><subfield code="a">23670787400006421</subfield><subfield code="3">no.190-197.199-202 2007</subfield><subfield code="d">2008-06-12 20:00:00 US/Eastern</subfield><subfield code="q">2008-06-13 06:59:00 US/Eastern</subfield><subfield code="y">recap</subfield></datafield><datafield tag="876" ind1=" " ind2=" "><subfield code="0">22670787890006421</subfield><subfield code="j">1</subfield><subfield code="z">pa</subfield><subfield code="p">32101086730486</subfield><subfield code="t">1</subfield><subfield code="a">23670787480006421</subfield><subfield code="3">2014 no.1-4</subfield><subfield code="d">2015-08-23 20:00:00 US/Eastern</subfield><subfield code="q">2015-08-24 06:59:00 US/Eastern</subfield><subfield code="y">recap</subfield></datafield><datafield tag="876" ind1=" " ind2=" "><subfield code="0">22670787890006421</subfield><subfield code="j">1</subfield><subfield code="z">pa</subfield><subfield code="p">32101090101781</subfield><subfield code="t">1</subfield><subfield code="a">23670787420006421</subfield><subfield code="3">no.332-335 2011</subfield><subfield code="d">2013-07-28 20:00:00 US/Eastern</subfield><subfield code="q">2013-07-29 06:59:00 US/Eastern</subfield><subfield code="y">recap</subfield></datafield><datafield tag="876" ind1=" " ind2=" "><subfield code="0">22670787890006421</subfield><subfield code="j">1</subfield><subfield code="z">pa</subfield><subfield code="p">32101072395450</subfield><subfield code="t">1</subfield><subfield code="a">23670787430006421</subfield><subfield code="3">no.229-240 2008</subfield><subfield code="d">2009-09-28 20:00:00 US/Eastern</subfield><subfield code="q">2009-09-29 06:59:00 US/Eastern</subfield><subfield code="y">recap</subfield></datafield><datafield tag="876" ind1=" " ind2=" "><subfield code="0">22670787890006421</subfield><subfield code="j">1</subfield><subfield code="z">pa</subfield><subfield code="p">32101086730924</subfield><subfield code="t">1</subfield><subfield code="a">23670787460006421</subfield><subfield code="3">2014 no.9-12</subfield><subfield code="d">2015-08-23 20:00:00 US/Eastern</subfield><subfield code="q">2015-08-24 06:59:00 US/Eastern</subfield><subfield code="y">recap</subfield></datafield><datafield tag="876" ind1=" " ind2=" "><subfield code="0">22670787890006421</subfield><subfield code="j">1</subfield><subfield code="z">pa</subfield><subfield code="p">32101056741455</subfield><subfield code="t">1</subfield><subfield code="a">23670787440006421</subfield><subfield code="3">no.142-153 2004</subfield><subfield code="d">2005-06-20 20:00:00 US/Eastern</subfield><subfield code="q">2005-06-21 06:59:00 US/Eastern</subfield><subfield code="y">recap</subfield></datafield><datafield tag="876" ind1=" " ind2=" "><subfield code="0">22670787890006421</subfield><subfield code="j">1</subfield><subfield code="z">pa</subfield><subfield code="p">32101043968468</subfield><subfield code="t">1</subfield><subfield code="a">23670787410006421</subfield><subfield code="3">no.106-117 2001</subfield><subfield code="d">2002-05-19 20:00:00 US/Eastern</subfield><subfield code="q">2002-05-20 06:59:00 US/Eastern</subfield><subfield code="y">recap</subfield></datafield><datafield tag="876" ind1=" " ind2=" "><subfield code="0">22670787890006421</subfield><subfield code="j">1</subfield><subfield code="z">pa</subfield><subfield code="p">32101075460525</subfield><subfield code="t">1</subfield><subfield code="a">23670787450006421</subfield><subfield code="3">no.94-105 2000</subfield><subfield code="d">2001-06-04 20:00:00 US/Eastern</subfield><subfield code="q">2001-06-05 06:59:00 US/Eastern</subfield><subfield code="y">recap</subfield></datafield><datafield tag="876" ind1=" " ind2=" "><subfield code="0">22670787890006421</subfield><subfield code="j">1</subfield><subfield code="z">pa</subfield><subfield code="p">32101086730429</subfield><subfield code="t">1</subfield><subfield code="a">23670787490006421</subfield><subfield code="3">2009 no.9-12</subfield><subfield code="d">2015-08-23 20:00:00 US/Eastern</subfield><subfield code="q">2015-08-24 06:59:00 US/Eastern</subfield><subfield code="y">recap</subfield></datafield><datafield tag="876" ind1=" " ind2=" "><subfield code="0">22670787890006421</subfield><subfield code="j">1</subfield><subfield code="z">pa</subfield><subfield code="p">32101075460483</subfield><subfield code="t">1</subfield><subfield code="a">23670787820006421</subfield><subfield code="3">no.70-75 1998</subfield><subfield code="d">2000-06-12 20:00:00 US/Eastern</subfield><subfield code="q">2000-06-13 06:59:00 US/Eastern</subfield><subfield code="y">recap</subfield></datafield><datafield tag="876" ind1=" " ind2=" "><subfield code="0">22670787890006421</subfield><subfield code="j">1</subfield><subfield code="z">pa</subfield><subfield code="p">32101075460491</subfield><subfield code="t">1</subfield><subfield code="a">23670787810006421</subfield><subfield code="3">no.76-81 1998</subfield><subfield code="d">2000-06-12 20:00:00 US/Eastern</subfield><subfield code="q">2000-06-13 06:59:00 US/Eastern</subfield><subfield code="y">recap</subfield></datafield><datafield tag="876" ind1=" " ind2=" "><subfield code="0">22670787890006421</subfield><subfield code="j">1</subfield><subfield code="z">pa</subfield><subfield code="p">32101075460475</subfield><subfield code="t">1</subfield><subfield code="a">23670787840006421</subfield><subfield code="3">no.64-69 1997</subfield><subfield code="d">2000-06-12 20:00:00 US/Eastern</subfield><subfield code="q">2000-06-13 06:59:00 US/Eastern</subfield><subfield code="y">recap</subfield></datafield><datafield tag="876" ind1=" " ind2=" "><subfield code="0">22670787890006421</subfield><subfield code="j">1</subfield><subfield code="z">pa</subfield><subfield code="p">32101075460467</subfield><subfield code="t">1</subfield><subfield code="a">23670787850006421</subfield><subfield code="3">no.58-63 1997</subfield><subfield code="d">2000-06-12 20:00:00 US/Eastern</subfield><subfield code="q">2000-06-13 06:59:00 US/Eastern</subfield><subfield code="y">recap</subfield></datafield><datafield tag="876" ind1=" " ind2=" "><subfield code="0">22670787890006421</subfield><subfield code="j">1</subfield><subfield code="z">pa</subfield><subfield code="p">32101086730767</subfield><subfield code="t">1</subfield><subfield code="a">23670788000006421</subfield><subfield code="3">2015 no.1-4</subfield><subfield code="d">2015-08-23 20:00:00 US/Eastern</subfield><subfield code="q">2015-08-24 15:55:42 US/Eastern</subfield><subfield code="y">recap</subfield></datafield><datafield tag="876" ind1=" " ind2=" "><subfield code="0">22670787890006421</subfield><subfield code="j">1</subfield><subfield code="z">pa</subfield><subfield code="p">32101075460509</subfield><subfield code="t">1</subfield><subfield code="a">23670787800006421</subfield><subfield code="3">no.82-87 1999</subfield><subfield code="d">2000-06-12 20:00:00 US/Eastern</subfield><subfield code="q">2000-06-13 06:59:00 US/Eastern</subfield><subfield code="y">recap</subfield></datafield><datafield tag="876" ind1=" " ind2=" "><subfield code="0">22670788470006421</subfield><subfield code="j">1</subfield><subfield code="z">cjk</subfield><subfield code="p">32101108311802</subfield><subfield code="t">1</subfield><subfield code="a">23670788010006421</subfield><subfield code="3">2020, no. 1-3</subfield><subfield code="d">2020-11-09 19:00:00 US/Eastern</subfield><subfield code="q">2020-11-10 05:59:00 US/Eastern</subfield><subfield code="y">eastasian</subfield></datafield><datafield tag="876" ind1=" " ind2=" "><subfield code="0">22670788470006421</subfield><subfield code="j">1</subfield><subfield code="z">cjk</subfield><subfield code="p">32101108311810</subfield><subfield code="t">1</subfield><subfield code="a">23670788020006421</subfield><subfield code="3">2019 no. 10-12</subfield><subfield code="d">2020-11-09 19:00:00 US/Eastern</subfield><subfield code="q">2020-11-10 05:59:00 US/Eastern</subfield><subfield code="y">eastasian</subfield></datafield><datafield tag="876" ind1=" " ind2=" "><subfield code="0">22670788470006421</subfield><subfield code="j">1</subfield><subfield code="z">cjk</subfield><subfield code="p">32101108311836</subfield><subfield code="t">1</subfield><subfield code="a">23670788040006421</subfield><subfield code="3">2019 no. 4-6</subfield><subfield code="d">2020-11-09 19:00:00 US/Eastern</subfield><subfield code="q">2020-11-10 05:59:00 US/Eastern</subfield><subfield code="y">eastasian</subfield></datafield><datafield tag="876" ind1=" " ind2=" "><subfield code="0">22670787890006421</subfield><subfield code="j">1</subfield><subfield code="z">pa</subfield><subfield code="p">32101063682163</subfield><subfield code="t">1</subfield><subfield code="a">23670787390006421</subfield><subfield code="3">no.203-206,208-216 2007</subfield><subfield code="d">2008-06-12 20:00:00 US/Eastern</subfield><subfield code="q">2008-06-13 06:59:00 US/Eastern</subfield><subfield code="y">recap</subfield></datafield><datafield tag="876" ind1=" " ind2=" "><subfield code="0">22670788470006421</subfield><subfield code="j">1</subfield><subfield code="z">cjk</subfield><subfield code="a">231101290750006421</subfield><subfield code="3">2025, no. 16 </subfield><subfield code="d">2026-01-28 14:12:37 US/Eastern</subfield><subfield code="q">2026-01-28 14:12:37 US/Eastern</subfield><subfield code="y">eastasian</subfield></datafield><datafield tag="876" ind1=" " ind2=" "><subfield code="0">22670787890006421</subfield><subfield code="j">1</subfield><subfield code="z">pa</subfield><subfield code="p">32101086730445</subfield><subfield code="t">1</subfield><subfield code="a">23670787500006421</subfield><subfield code="3">2009 no.5-8</subfield><subfield code="d">2015-08-23 20:00:00 US/Eastern</subfield><subfield code="q">2015-08-24 06:59:00 US/Eastern</subfield><subfield code="y">recap</subfield></datafield><datafield tag="876" ind1=" " ind2=" "><subfield code="0">22670787890006421</subfield><subfield code="j">1</subfield><subfield code="z">pa</subfield><subfield code="p">32101075460459</subfield><subfield code="t">1</subfield><subfield code="a">23670787330006421</subfield><subfield code="3">no.46-57 1996</subfield><subfield code="d">2011-06-27 20:00:00 US/Eastern</subfield><subfield code="q">2011-06-28 06:59:00 US/Eastern</subfield><subfield code="y">recap</subfield></datafield><datafield tag="876" ind1=" " ind2=" "><subfield code="0">22670787890006421</subfield><subfield code="j">1</subfield><subfield code="z">pa</subfield><subfield code="p">32101086730981</subfield><subfield code="t">1</subfield><subfield code="a">23670787510006421</subfield><subfield code="3">no.241-747,249 2009</subfield><subfield code="d">2015-08-23 20:00:00 US/Eastern</subfield><subfield code="q">2015-08-24 06:59:00 US/Eastern</subfield><subfield code="y">recap</subfield></datafield><datafield tag="876" ind1=" " ind2=" "><subfield code="0">22670787890006421</subfield><subfield code="j">1</subfield><subfield code="z">pa</subfield><subfield code="p">32101090101740</subfield><subfield code="t">1</subfield><subfield code="a">23670787320006421</subfield><subfield code="3">no.313, 315-319 2011</subfield><subfield code="d">2013-07-28 20:00:00 US/Eastern</subfield><subfield code="q">2013-07-29 06:59:00 US/Eastern</subfield><subfield code="y">recap</subfield></datafield><datafield tag="876" ind1=" " ind2=" "><subfield code="0">22670787890006421</subfield><subfield code="j">1</subfield><subfield code="z">pa</subfield><subfield code="p">32101075460400</subfield><subfield code="t">1</subfield><subfield code="a">23670787370006421</subfield><subfield code="3">no.1-4 1992</subfield><subfield code="d">2011-06-27 20:00:00 US/Eastern</subfield><subfield code="q">2011-06-28 06:59:00 US/Eastern</subfield><subfield code="y">recap</subfield></datafield><datafield tag="876" ind1=" " ind2=" "><subfield code="0">22670787890006421</subfield><subfield code="j">1</subfield><subfield code="z">pa</subfield><subfield code="p">32101081187906</subfield><subfield code="t">1</subfield><subfield code="a">23670787540006421</subfield><subfield code="3">no.415-420 2013</subfield><subfield code="d">2014-10-02 20:00:00 US/Eastern</subfield><subfield code="q">2014-10-03 06:59:00 US/Eastern</subfield><subfield code="y">recap</subfield></datafield><datafield tag="876" ind1=" " ind2=" "><subfield code="0">22670787890006421</subfield><subfield code="j">1</subfield><subfield code="z">pa</subfield><subfield code="p">32101075460418</subfield><subfield code="t">1</subfield><subfield code="a">23670787360006421</subfield><subfield code="3">no.5-8 1992</subfield><subfield code="d">2011-06-27 20:00:00 US/Eastern</subfield><subfield code="q">2011-06-28 06:59:00 US/Eastern</subfield><subfield code="y">recap</subfield></datafield><datafield tag="876" ind1=" " ind2=" "><subfield code="0">22670788470006421</subfield><subfield code="j">1</subfield><subfield code="z">cjk</subfield><subfield code="p">32101100129970</subfield><subfield code="t">1</subfield><subfield code="a">23670787910006421</subfield><subfield code="3">2017 no.10-12</subfield><subfield code="d">2018-08-23 20:00:00 US/Eastern</subfield><subfield code="q">2018-08-24 06:59:00 US/Eastern</subfield><subfield code="y">eastasian</subfield></datafield><datafield tag="876" ind1=" " ind2=" "><subfield code="0">22670788470006421</subfield><subfield code="j">1</subfield><subfield code="z">cjk</subfield><subfield code="p">32101114216599</subfield><subfield code="a">23989301690006421</subfield><subfield code="3">2023 no. 1-4 </subfield><subfield code="d">2023-08-03 11:11:53 US/Eastern</subfield><subfield code="q">2023-08-03 11:12:19 US/Eastern</subfield><subfield code="y">eastasian</subfield></datafield><datafield tag="876" ind1=" " ind2=" "><subfield code="0">22670787890006421</subfield><subfield code="j">1</subfield><subfield code="z">pa</subfield><subfield code="p">32101081187625</subfield><subfield code="t">1</subfield><subfield code="a">23670787580006421</subfield><subfield code="3">no.396-401 2013</subfield><subfield code="d">2014-10-02 20:00:00 US/Eastern</subfield><subfield code="q">2014-10-03 06:59:00 US/Eastern</subfield><subfield code="y">recap</subfield></datafield><datafield tag="876" ind1=" " ind2=" "><subfield code="0">22670788470006421</subfield><subfield code="j">1</subfield><subfield code="z">cjk</subfield><subfield code="p">32101100129962</subfield><subfield code="t">1</subfield><subfield code="a">23670787900006421</subfield><subfield code="3">2018 no.1-3</subfield><subfield code="d">2018-08-23 20:00:00 US/Eastern</subfield><subfield code="q">2018-08-24 06:59:00 US/Eastern</subfield><subfield code="y">eastasian</subfield></datafield><datafield tag="876" ind1=" " ind2=" "><subfield code="0">22670787890006421</subfield><subfield code="j">1</subfield><subfield code="z">pa</subfield><subfield code="p">32101104911225</subfield><subfield code="t">1</subfield><subfield code="a">23670788090006421</subfield><subfield code="3">2016 no.7-9</subfield><subfield code="d">2017-12-07 19:00:00 US/Eastern</subfield><subfield code="q">2017-12-08 15:57:41 US/Eastern</subfield><subfield code="y">recap</subfield></datafield><datafield tag="876" ind1=" " ind2=" "><subfield code="0">22670787890006421</subfield><subfield code="j">1</subfield><subfield code="z">pa</subfield><subfield code="p">32101081187898</subfield><subfield code="t">1</subfield><subfield code="a">23670787550006421</subfield><subfield code="3">no.409-414 2013</subfield><subfield code="d">2014-10-02 20:00:00 US/Eastern</subfield><subfield code="q">2014-10-03 06:59:00 US/Eastern</subfield><subfield code="y">recap</subfield></datafield><datafield tag="876" ind1=" " ind2=" "><subfield code="0">22670787890006421</subfield><subfield code="j">1</subfield><subfield code="z">pa</subfield><subfield code="p">32101081187641</subfield><subfield code="t">1</subfield><subfield code="a">23670787590006421</subfield><subfield code="3">no.390-395 2013</subfield><subfield code="d">2014-10-02 20:00:00 US/Eastern</subfield><subfield code="q">2014-10-03 06:59:00 US/Eastern</subfield><subfield code="y">recap</subfield></datafield><datafield tag="876" ind1=" " ind2=" "><subfield code="0">22670787890006421</subfield><subfield code="j">1</subfield><subfield code="z">pa</subfield><subfield code="p">32101104911233</subfield><subfield code="t">1</subfield><subfield code="a">23670788080006421</subfield><subfield code="3">2016 no.10-12</subfield><subfield code="d">2017-12-07 19:00:00 US/Eastern</subfield><subfield code="q">2017-12-08 15:58:12 US/Eastern</subfield><subfield code="y">recap</subfield></datafield><datafield tag="876" ind1=" " ind2=" "><subfield code="0">22670788470006421</subfield><subfield code="j">1</subfield><subfield code="z">cjk</subfield><subfield code="p">32101104911266</subfield><subfield code="t">1</subfield><subfield code="a">23670788050006421</subfield><subfield code="3">2017 no.5-6</subfield><subfield code="d">2017-12-07 19:00:00 US/Eastern</subfield><subfield code="q">2017-12-08 05:59:00 US/Eastern</subfield><subfield code="y">eastasian</subfield></datafield><datafield tag="876" ind1=" " ind2=" "><subfield code="0">22670787890006421</subfield><subfield code="j">1</subfield><subfield code="z">pa</subfield><subfield code="p">32101059149680</subfield><subfield code="t">1</subfield><subfield code="a">23670787760006421</subfield><subfield code="3">no.154-159 2005</subfield><subfield code="d">2006-07-18 20:00:00 US/Eastern</subfield><subfield code="q">2006-07-19 06:59:00 US/Eastern</subfield><subfield code="y">recap</subfield></datafield><datafield tag="876" ind1=" " ind2=" "><subfield code="0">22670787890006421</subfield><subfield code="j">1</subfield><subfield code="z">pa</subfield><subfield code="p">32101049805425</subfield><subfield code="t">1</subfield><subfield code="a">23670787770006421</subfield><subfield code="3">no.130-141 2003</subfield><subfield code="d">2004-05-31 20:00:00 US/Eastern</subfield><subfield code="q">2004-06-01 06:59:00 US/Eastern</subfield><subfield code="y">recap</subfield></datafield><datafield tag="876" ind1=" " ind2=" "><subfield code="0">22670787890006421</subfield><subfield code="j">1</subfield><subfield code="z">pa</subfield><subfield code="p">32101084866167</subfield><subfield code="t">1</subfield><subfield code="a">23670787720006421</subfield><subfield code="3">no.277-282 2010</subfield><subfield code="d">2013-05-28 20:00:00 US/Eastern</subfield><subfield code="q">2013-05-29 06:59:00 US/Eastern</subfield><subfield code="y">recap</subfield></datafield><datafield tag="876" ind1=" " ind2=" "><subfield code="0">22670787890006421</subfield><subfield code="j">1</subfield><subfield code="z">pa</subfield><subfield code="p">32101063677361</subfield><subfield code="t">1</subfield><subfield code="a">23670787730006421</subfield><subfield code="3">no.178-189 2006</subfield><subfield code="d">2008-02-13 19:00:00 US/Eastern</subfield><subfield code="q">2008-02-14 05:59:00 US/Eastern</subfield><subfield code="y">recap</subfield></datafield><datafield tag="876" ind1=" " ind2=" "><subfield code="0">22670788470006421</subfield><subfield code="j">1</subfield><subfield code="z">cjk</subfield><subfield code="p">32101113245169</subfield><subfield code="t">1</subfield><subfield code="a">23670787990006421</subfield><subfield code="3">2018 no.4-6</subfield><subfield code="d">2019-08-12 20:00:00 US/Eastern</subfield><subfield code="q">2019-08-13 06:59:00 US/Eastern</subfield><subfield code="y">eastasian</subfield></datafield><datafield tag="876" ind1=" " ind2=" "><subfield code="0">22670787890006421</subfield><subfield code="j">1</subfield><subfield code="z">pa</subfield><subfield code="p">32101075460442</subfield><subfield code="t">1</subfield><subfield code="a">23670787880006421</subfield><subfield code="3">no.34-45 1995</subfield><subfield code="d">2000-06-12 20:00:00 US/Eastern</subfield><subfield code="q">2000-06-13 06:59:00 US/Eastern</subfield><subfield code="y">recap</subfield></datafield><datafield tag="876" ind1=" " ind2=" "><subfield code="0">22670787890006421</subfield><subfield code="j">1</subfield><subfield code="z">pa</subfield><subfield code="p">32101099727891</subfield><subfield code="t">1</subfield><subfield code="a">23670787950006421</subfield><subfield code="3">2015 no.9-12</subfield><subfield code="d">2016-07-28 20:00:00 US/Eastern</subfield><subfield code="q">2016-07-29 15:57:03 US/Eastern</subfield><subfield code="y">recap</subfield></datafield><datafield tag="876" ind1=" " ind2=" "><subfield code="0">22670788470006421</subfield><subfield code="j">1</subfield><subfield code="z">cjk</subfield><subfield code="a">231101290760006421</subfield><subfield code="3">2025, no. 13 </subfield><subfield code="d">2026-01-28 14:11:34 US/Eastern</subfield><subfield code="q">2026-01-28 14:11:34 US/Eastern</subfield><subfield code="y">eastasian</subfield></datafield><datafield tag="876" ind1=" " ind2=" "><subfield code="0">22670787890006421</subfield><subfield code="j">1</subfield><subfield code="z">pa</subfield><subfield code="p">32101090101799</subfield><subfield code="t">1</subfield><subfield code="a">23670787290006421</subfield><subfield code="3">no.336-338 2011</subfield><subfield code="d">2013-07-28 20:00:00 US/Eastern</subfield><subfield code="q">2013-07-29 06:59:00 US/Eastern</subfield><subfield code="y">recap</subfield></datafield><datafield tag="876" ind1=" " ind2=" "><subfield code="0">22670788470006421</subfield><subfield code="j">1</subfield><subfield code="z">cjk</subfield><subfield code="p">32101115427542</subfield><subfield code="a">231036007440006421</subfield><subfield code="3">2024 no. 1-12 </subfield><subfield code="d">2024-11-27 11:48:55 US/Eastern</subfield><subfield code="q">2024-11-27 11:49:37 US/Eastern</subfield><subfield code="y">eastasian</subfield></datafield><datafield tag="876" ind1=" " ind2=" "><subfield code="0">22670788470006421</subfield><subfield code="j">1</subfield><subfield code="z">cjk</subfield><subfield code="p">32101114216607</subfield><subfield code="a">23989301700006421</subfield><subfield code="3">2022 no. 9-12 </subfield><subfield code="d">2023-08-03 11:11:04 US/Eastern</subfield><subfield code="q">2023-08-03 11:11:26 US/Eastern</subfield><subfield code="y">eastasian</subfield></datafield><datafield tag="876" ind1=" " ind2=" "><subfield code="0">22670788470006421</subfield><subfield code="j">1</subfield><subfield code="z">cjk</subfield><subfield code="p">32101114216615</subfield><subfield code="a">23989301710006421</subfield><subfield code="3">2022 no. 5-8 </subfield><subfield code="d">2023-08-03 11:10:15 US/Eastern</subfield><subfield code="q">2023-08-03 11:10:36 US/Eastern</subfield><subfield code="y">eastasian</subfield></datafield><datafield tag="876" ind1=" " ind2=" "><subfield code="0">22670787890006421</subfield><subfield code="j">1</subfield><subfield code="z">pa</subfield><subfield code="p">32101090101815</subfield><subfield code="t">1</subfield><subfield code="a">23670787260006421</subfield><subfield code="3">no.348-351 2011</subfield><subfield code="d">2013-07-28 20:00:00 US/Eastern</subfield><subfield code="q">2013-07-29 06:59:00 US/Eastern</subfield><subfield code="y">recap</subfield></datafield><datafield tag="876" ind1=" " ind2=" "><subfield code="0">22670787890006421</subfield><subfield code="j">1</subfield><subfield code="z">pa</subfield><subfield code="p">32101090101807</subfield><subfield code="t">1</subfield><subfield code="a">23670787270006421</subfield><subfield code="3">no.345-347 2011</subfield><subfield code="d">2013-07-28 20:00:00 US/Eastern</subfield><subfield code="q">2013-07-29 06:59:00 US/Eastern</subfield><subfield code="y">recap</subfield></datafield><datafield tag="876" ind1=" " ind2=" "><subfield code="0">22670787890006421</subfield><subfield code="j">1</subfield><subfield code="z">pa</subfield><subfield code="p">32101081187674</subfield><subfield code="t">1</subfield><subfield code="a">23670787600006421</subfield><subfield code="3">no.386-389 2012</subfield><subfield code="d">2014-10-02 20:00:00 US/Eastern</subfield><subfield code="q">2014-10-03 06:59:00 US/Eastern</subfield><subfield code="y">recap</subfield></datafield><datafield tag="876" ind1=" " ind2=" "><subfield code="0">22670787890006421</subfield><subfield code="j">1</subfield><subfield code="z">pa</subfield><subfield code="p">32101081187559</subfield><subfield code="t">1</subfield><subfield code="a">23670787610006421</subfield><subfield code="3">no.380-385 2012</subfield><subfield code="d">2014-10-02 20:00:00 US/Eastern</subfield><subfield code="q">2014-10-03 06:59:00 US/Eastern</subfield><subfield code="y">recap</subfield></datafield><datafield tag="876" ind1=" " ind2=" "><subfield code="0">22670788470006421</subfield><subfield code="j">1</subfield><subfield code="z">cjk</subfield><subfield code="p">32101114216631</subfield><subfield code="a">23989301730006421</subfield><subfield code="3">2021 no. 10-12 </subfield><subfield code="d">2023-08-03 11:06:32 US/Eastern</subfield><subfield code="q">2023-08-03 11:06:53 US/Eastern</subfield><subfield code="y">eastasian</subfield></datafield><datafield tag="876" ind1=" " ind2=" "><subfield code="0">22670788470006421</subfield><subfield code="j">1</subfield><subfield code="z">cjk</subfield><subfield code="p">32101114216623</subfield><subfield code="a">23989301720006421</subfield><subfield code="3">2022 no. 1-4 </subfield><subfield code="d">2023-08-03 11:09:25 US/Eastern</subfield><subfield code="q">2023-08-03 11:09:45 US/Eastern</subfield><subfield code="y">eastasian</subfield></datafield><datafield tag="876" ind1=" " ind2=" "><subfield code="0">22670787890006421</subfield><subfield code="j">1</subfield><subfield code="z">pa</subfield><subfield code="p">32101081187450</subfield><subfield code="t">1</subfield><subfield code="a">23670787660006421</subfield><subfield code="3">no.352-357 2012</subfield><subfield code="d">2014-10-02 20:00:00 US/Eastern</subfield><subfield code="q">2014-10-03 06:59:00 US/Eastern</subfield><subfield code="y">recap</subfield></datafield><datafield tag="876" ind1=" " ind2=" "><subfield code="0">22670787890006421</subfield><subfield code="j">1</subfield><subfield code="z">pa</subfield><subfield code="p">32101081187575</subfield><subfield code="t">1</subfield><subfield code="a">23670787650006421</subfield><subfield code="3">no.358-363 2012</subfield><subfield code="d">2014-10-02 20:00:00 US/Eastern</subfield><subfield code="q">2014-10-03 06:59:00 US/Eastern</subfield><subfield code="y">recap</subfield></datafield><datafield tag="876" ind1=" " ind2=" "><subfield code="0">22670787890006421</subfield><subfield code="j">1</subfield><subfield code="z">pa</subfield><subfield code="p">32101084866217</subfield><subfield code="t">1</subfield><subfield code="a">23670787670006421</subfield><subfield code="3">no.307-314 2010</subfield><subfield code="d">2013-05-28 20:00:00 US/Eastern</subfield><subfield code="q">2013-05-29 06:59:00 US/Eastern</subfield><subfield code="y">recap</subfield></datafield><datafield tag="876" ind1=" " ind2=" "><subfield code="0">22670787890006421</subfield><subfield code="j">1</subfield><subfield code="z">pa</subfield><subfield code="p">32101081187666</subfield><subfield code="t">1</subfield><subfield code="a">23670787640006421</subfield><subfield code="3">no.364-369 2012</subfield><subfield code="d">2014-10-02 20:00:00 US/Eastern</subfield><subfield code="q">2014-10-03 06:59:00 US/Eastern</subfield><subfield code="y">recap</subfield></datafield><datafield tag="876" ind1=" " ind2=" "><subfield code="0">22670787890006421</subfield><subfield code="j">1</subfield><subfield code="z">pa</subfield><subfield code="p">32101081187658</subfield><subfield code="t">1</subfield><subfield code="a">23670787620006421</subfield><subfield code="3">no.376-379 2012</subfield><subfield code="d">2014-10-02 20:00:00 US/Eastern</subfield><subfield code="q">2014-10-03 06:59:00 US/Eastern</subfield><subfield code="y">recap</subfield></datafield><datafield tag="876" ind1=" " ind2=" "><subfield code="0">22670788470006421</subfield><subfield code="j">1</subfield><subfield code="z">cjk</subfield><subfield code="p">32101110384466</subfield><subfield code="a">23920184510006421</subfield><subfield code="3">2020 no. 10-12 </subfield><subfield code="d">2021-02-02 19:00:00 US/Eastern</subfield><subfield code="q">2022-03-23 14:35:52 US/Eastern</subfield><subfield code="y">eastasian</subfield></datafield><datafield tag="876" ind1=" " ind2=" "><subfield code="0">22670788470006421</subfield><subfield code="j">1</subfield><subfield code="z">cjk</subfield><subfield code="p">32101110384474</subfield><subfield code="a">23920184580006421</subfield><subfield code="3">2020 no. 7-9 </subfield><subfield code="d">2022-03-23 14:33:45 US/Eastern</subfield><subfield code="q">2022-03-23 14:34:06 US/Eastern</subfield><subfield code="y">eastasian</subfield></datafield><datafield tag="876" ind1=" " ind2=" "><subfield code="0">22670787890006421</subfield><subfield code="j">1</subfield><subfield code="z">pa</subfield><subfield code="p">32101081187567</subfield><subfield code="t">1</subfield><subfield code="a">23670787630006421</subfield><subfield code="3">no.370-375 2012</subfield><subfield code="d">2014-10-02 20:00:00 US/Eastern</subfield><subfield code="q">2014-10-03 06:59:00 US/Eastern</subfield><subfield code="y">recap</subfield></datafield><datafield tag="876" ind1=" " ind2=" "><subfield code="0">22670787890006421</subfield><subfield code="j">1</subfield><subfield code="z">pa</subfield><subfield code="p">32101084866209</subfield><subfield code="t">1</subfield><subfield code="a">23670787680006421</subfield><subfield code="3">no.301-306 2010</subfield><subfield code="d">2013-05-28 20:00:00 US/Eastern</subfield><subfield code="q">2013-05-29 06:59:00 US/Eastern</subfield><subfield code="y">recap</subfield></datafield><datafield tag="876" ind1=" " ind2=" "><subfield code="0">22670787890006421</subfield><subfield code="j">1</subfield><subfield code="z">pa</subfield><subfield code="p">32101084866191</subfield><subfield code="t">1</subfield><subfield code="a">23670787690006421</subfield><subfield code="3">no.295-300 2010</subfield><subfield code="d">2013-05-28 20:00:00 US/Eastern</subfield><subfield code="q">2013-05-29 06:59:00 US/Eastern</subfield><subfield code="y">recap</subfield></datafield><datafield tag="876" ind1=" " ind2=" "><subfield code="0">22670788470006421</subfield><subfield code="j">1</subfield><subfield code="z">cjk</subfield><subfield code="p">32101113245151</subfield><subfield code="t">1</subfield><subfield code="a">23670787980006421</subfield><subfield code="3">2018 no.7-9</subfield><subfield code="d">2019-08-12 20:00:00 US/Eastern</subfield><subfield code="q">2019-08-13 06:59:00 US/Eastern</subfield><subfield code="y">eastasian</subfield></datafield><datafield tag="876" ind1=" " ind2=" "><subfield code="0">22670788470006421</subfield><subfield code="j">1</subfield><subfield code="z">cjk</subfield><subfield code="p">32101114065160</subfield><subfield code="a">231096052620006421</subfield><subfield code="3">2025 no. 1-12 </subfield><subfield code="d">2025-12-16 12:58:06 US/Eastern</subfield><subfield code="q">2025-12-16 12:58:29 US/Eastern</subfield><subfield code="y">eastasian</subfield></datafield><datafield tag="876" ind1=" " ind2=" "><subfield code="0">22670787890006421</subfield><subfield code="j">1</subfield><subfield code="z">pa</subfield><subfield code="p">32101095219935</subfield><subfield code="t">1</subfield><subfield code="a">23670787940006421</subfield><subfield code="3">2015 no.5-8</subfield><subfield code="d">2017-01-24 19:00:00 US/Eastern</subfield><subfield code="q">2017-01-25 15:56:06 US/Eastern</subfield><subfield code="y">recap</subfield></datafield><datafield tag="876" ind1=" " ind2=" "><subfield code="0">22670788470006421</subfield><subfield code="j">1</subfield><subfield code="z">cjk</subfield><subfield code="p">32101113245136</subfield><subfield code="t">1</subfield><subfield code="a">23670787960006421</subfield><subfield code="3">2019 no.1-3</subfield><subfield code="d">2019-08-12 20:00:00 US/Eastern</subfield><subfield code="q">2019-08-13 06:59:00 US/Eastern</subfield><subfield code="y">eastasian</subfield></datafield><datafield tag="876" ind1=" " ind2=" "><subfield code="0">22670787890006421</subfield><subfield code="j">1</subfield><subfield code="z">pa</subfield><subfield code="p">32101090101773</subfield><subfield code="t">1</subfield><subfield code="a">23670787280006421</subfield><subfield code="3">no.339-344 2011</subfield><subfield code="d">2013-07-28 20:00:00 US/Eastern</subfield><subfield code="q">2013-07-29 06:59:00 US/Eastern</subfield><subfield code="y">recap</subfield></datafield><datafield tag="876" ind1=" " ind2=" "><subfield code="0">22670788470006421</subfield><subfield code="j">1</subfield><subfield code="z">cjk</subfield><subfield code="a">231101289750006421</subfield><subfield code="3">2025, no. 15 </subfield><subfield code="d">2026-01-28 15:18:45 US/Eastern</subfield><subfield code="q">2026-01-28 15:18:45 US/Eastern</subfield><subfield code="y">eastasian</subfield></datafield><datafield tag="876" ind1=" " ind2=" "><subfield code="0">22670788470006421</subfield><subfield code="j">1</subfield><subfield code="z">cjk</subfield><subfield code="p">32101114064817</subfield><subfield code="a">231091525400006421</subfield><subfield code="3">2024 no. 13-24 </subfield><subfield code="d">2025-10-28 15:15:02 US/Eastern</subfield><subfield code="q">2025-10-28 15:15:24 US/Eastern</subfield><subfield code="y">eastasian</subfield></datafield><datafield tag="876" ind1=" " ind2=" "><subfield code="0">22670787890006421</subfield><subfield code="j">1</subfield><subfield code="z">pa</subfield><subfield code="p">32101075460434</subfield><subfield code="t">1</subfield><subfield code="a">23670787340006421</subfield><subfield code="3">no.22-33 1994</subfield><subfield code="d">2011-06-27 20:00:00 US/Eastern</subfield><subfield code="q">2011-06-28 06:59:00 US/Eastern</subfield><subfield code="y">recap</subfield></datafield><datafield tag="876" ind1=" " ind2=" "><subfield code="0">22670788470006421</subfield><subfield code="j">1</subfield><subfield code="z">cjk</subfield><subfield code="a">231102082970006421</subfield><subfield code="3">2025, no. 18 </subfield><subfield code="d">2026-02-09 11:29:31 US/Eastern</subfield><subfield code="q">2026-02-09 11:29:31 US/Eastern</subfield><subfield code="y">eastasian</subfield></datafield><datafield tag="876" ind1=" " ind2=" "><subfield code="0">22670787890006421</subfield><subfield code="j">1</subfield><subfield code="z">pa</subfield><subfield code="p">32101081187880</subfield><subfield code="t">1</subfield><subfield code="a">23670787520006421</subfield><subfield code="3">no.424-427 2013</subfield><subfield code="d">2014-10-02 20:00:00 US/Eastern</subfield><subfield code="q">2014-10-03 06:59:00 US/Eastern</subfield><subfield code="y">recap</subfield></datafield><datafield tag="876" ind1=" " ind2=" "><subfield code="0">22670787890006421</subfield><subfield code="j">1</subfield><subfield code="z">pa</subfield><subfield code="p">32101075460426</subfield><subfield code="t">1</subfield><subfield code="a">23670787350006421</subfield><subfield code="3">no.10-21 1993</subfield><subfield code="d">2011-06-27 20:00:00 US/Eastern</subfield><subfield code="q">2011-06-28 06:59:00 US/Eastern</subfield><subfield code="y">recap</subfield></datafield><datafield tag="876" ind1=" " ind2=" "><subfield code="0">22670787890006421</subfield><subfield code="j">1</subfield><subfield code="z">pa</subfield><subfield code="p">32101090101757</subfield><subfield code="t">1</subfield><subfield code="a">23670787310006421</subfield><subfield code="3">no.320-325 2011</subfield><subfield code="d">2013-07-28 20:00:00 US/Eastern</subfield><subfield code="q">2013-07-29 06:59:00 US/Eastern</subfield><subfield code="y">recap</subfield></datafield><datafield tag="876" ind1=" " ind2=" "><subfield code="0">22670787890006421</subfield><subfield code="j">1</subfield><subfield code="z">pa</subfield><subfield code="p">32101090101765</subfield><subfield code="t">1</subfield><subfield code="a">23670787300006421</subfield><subfield code="3">no.326-331 2011</subfield><subfield code="d">2013-07-28 20:00:00 US/Eastern</subfield><subfield code="q">2013-07-29 06:59:00 US/Eastern</subfield><subfield code="y">recap</subfield></datafield><datafield tag="876" ind1=" " ind2=" "><subfield code="0">22670787890006421</subfield><subfield code="j">1</subfield><subfield code="z">pa</subfield><subfield code="p">32101081187864</subfield><subfield code="t">1</subfield><subfield code="a">23670787530006421</subfield><subfield code="3">no.421-423 2013</subfield><subfield code="d">2014-10-02 20:00:00 US/Eastern</subfield><subfield code="q">2014-10-03 06:59:00 US/Eastern</subfield><subfield code="y">recap</subfield></datafield><datafield tag="876" ind1=" " ind2=" "><subfield code="0">22670787890006421</subfield><subfield code="j">1</subfield><subfield code="z">pa</subfield><subfield code="p">32101072387895</subfield><subfield code="t">1</subfield><subfield code="a">23670787380006421</subfield><subfield code="3">no.217-228 2008</subfield><subfield code="d">2009-05-27 20:00:00 US/Eastern</subfield><subfield code="q">2009-05-28 06:59:00 US/Eastern</subfield><subfield code="y">recap</subfield></datafield><datafield tag="876" ind1=" " ind2=" "><subfield code="0">22670788470006421</subfield><subfield code="j">1</subfield><subfield code="z">cjk</subfield><subfield code="a">231100145660006421</subfield><subfield code="3">2025 no. 17 </subfield><subfield code="d">2026-01-15 10:28:11 US/Eastern</subfield><subfield code="q">2026-01-15 10:28:11 US/Eastern</subfield><subfield code="y">eastasian</subfield></datafield><datafield tag="876" ind1=" " ind2=" "><subfield code="0">22670788470006421</subfield><subfield code="j">1</subfield><subfield code="z">cjk</subfield><subfield code="p">32101110384458</subfield><subfield code="a">23920184460006421</subfield><subfield code="3">2021 no. 1-3 </subfield><subfield code="d">2022-03-23 14:36:56 US/Eastern</subfield><subfield code="q">2022-03-23 14:37:12 US/Eastern</subfield><subfield code="y">eastasian</subfield></datafield><datafield tag="876" ind1=" " ind2=" "><subfield code="0">22670787890006421</subfield><subfield code="j">1</subfield><subfield code="z">pa</subfield><subfield code="p">32101081187914</subfield><subfield code="t">1</subfield><subfield code="a">23670787570006421</subfield><subfield code="3">no.402-405 2013</subfield><subfield code="d">2014-10-02 20:00:00 US/Eastern</subfield><subfield code="q">2014-10-03 06:59:00 US/Eastern</subfield><subfield code="y">recap</subfield></datafield><datafield tag="876" ind1=" " ind2=" "><subfield code="0">22670788470006421</subfield><subfield code="j">1</subfield><subfield code="z">cjk</subfield><subfield code="p">32101100129988</subfield><subfield code="t">1</subfield><subfield code="a">23670787920006421</subfield><subfield code="3">2017 no.7-9</subfield><subfield code="d">2018-08-23 20:00:00 US/Eastern</subfield><subfield code="q">2018-08-24 06:59:00 US/Eastern</subfield><subfield code="y">eastasian</subfield></datafield><datafield tag="876" ind1=" " ind2=" "><subfield code="0">22670787890006421</subfield><subfield code="j">1</subfield><subfield code="z">pa</subfield><subfield code="p">32101095219943</subfield><subfield code="t">1</subfield><subfield code="a">23670787930006421</subfield><subfield code="3">2016 no.1-6</subfield><subfield code="d">2017-01-24 19:00:00 US/Eastern</subfield><subfield code="q">2017-01-25 15:57:19 US/Eastern</subfield><subfield code="y">recap</subfield></datafield><datafield tag="876" ind1=" " ind2=" "><subfield code="0">22670788470006421</subfield><subfield code="j">1</subfield><subfield code="z">cjk</subfield><subfield code="a">231092873830006421</subfield><subfield code="3">2025, no. 14 </subfield><subfield code="d">2025-11-13 14:22:20 US/Eastern</subfield><subfield code="q">2025-11-13 14:22:20 US/Eastern</subfield><subfield code="y">eastasian</subfield></datafield><datafield tag="876" ind1=" " ind2=" "><subfield code="0">22670788470006421</subfield><subfield code="j">1</subfield><subfield code="z">cjk</subfield><subfield code="p">32101115481317</subfield><subfield code="a">231000699100006421</subfield><subfield code="3">2023 no. 5-8 </subfield><subfield code="d">2023-11-13 14:56:32 US/Eastern</subfield><subfield code="q">2024-02-07 12:43:14 US/Eastern</subfield><subfield code="y">eastasian</subfield></datafield><datafield tag="876" ind1=" " ind2=" "><subfield code="0">22670787890006421</subfield><subfield code="j">1</subfield><subfield code="z">pa</subfield><subfield code="p">32101081187872</subfield><subfield code="t">1</subfield><subfield code="a">23670787560006421</subfield><subfield code="3">no.406-408 2013</subfield><subfield code="d">2014-10-02 20:00:00 US/Eastern</subfield><subfield code="q">2014-10-03 06:59:00 US/Eastern</subfield><subfield code="y">recap</subfield></datafield><datafield tag="876" ind1=" " ind2=" "><subfield code="0">22670788470006421</subfield><subfield code="j">1</subfield><subfield code="z">cjk</subfield><subfield code="p">32101104911241</subfield><subfield code="t">1</subfield><subfield code="a">23670788070006421</subfield><subfield code="3">2017 no.1-2</subfield><subfield code="d">2017-12-07 19:00:00 US/Eastern</subfield><subfield code="q">2017-12-08 05:59:00 US/Eastern</subfield><subfield code="y">eastasian</subfield></datafield><datafield tag="876" ind1=" " ind2=" "><subfield code="0">22670787890006421</subfield><subfield code="j">1</subfield><subfield code="z">pa</subfield><subfield code="p">32101050167723</subfield><subfield code="t">1</subfield><subfield code="a">23670787780006421</subfield><subfield code="3">no.118-129 2002</subfield><subfield code="d">2004-01-11 19:00:00 US/Eastern</subfield><subfield code="q">2004-01-12 05:59:00 US/Eastern</subfield><subfield code="y">recap</subfield></datafield><datafield tag="876" ind1=" " ind2=" "><subfield code="0">22670788470006421</subfield><subfield code="j">1</subfield><subfield code="z">cjk</subfield><subfield code="p">32101110384482</subfield><subfield code="a">23920184600006421</subfield><subfield code="3">2020 no. 4-6 </subfield><subfield code="d">2022-03-23 14:32:22 US/Eastern</subfield><subfield code="q">2022-03-23 14:32:43 US/Eastern</subfield><subfield code="y">eastasian</subfield></datafield><datafield tag="876" ind1=" " ind2=" "><subfield code="0">22670788470006421</subfield><subfield code="j">1</subfield><subfield code="z">cjk</subfield><subfield code="p">32101104911258</subfield><subfield code="t">1</subfield><subfield code="a">23670788060006421</subfield><subfield code="3">2017 no.3-4</subfield><subfield code="d">2017-12-07 19:00:00 US/Eastern</subfield><subfield code="q">2017-12-08 05:59:00 US/Eastern</subfield><subfield code="y">eastasian</subfield></datafield><datafield tag="876" ind1=" " ind2=" "><subfield code="0">22670787890006421</subfield><subfield code="j">1</subfield><subfield code="z">pa</subfield><subfield code="p">32101075460517</subfield><subfield code="t">1</subfield><subfield code="a">23670787790006421</subfield><subfield code="3">no.88-93 1999</subfield><subfield code="d">2000-06-12 20:00:00 US/Eastern</subfield><subfield code="q">2000-06-13 06:59:00 US/Eastern</subfield><subfield code="y">recap</subfield></datafield><datafield tag="876" ind1=" " ind2=" "><subfield code="0">22670787890006421</subfield><subfield code="j">1</subfield><subfield code="z">pa</subfield><subfield code="p">32101059149698</subfield><subfield code="t">1</subfield><subfield code="a">23670787750006421</subfield><subfield code="3">no.160-165 2005</subfield><subfield code="d">2006-07-18 20:00:00 US/Eastern</subfield><subfield code="q">2006-07-19 06:59:00 US/Eastern</subfield><subfield code="y">recap</subfield></datafield><datafield tag="876" ind1=" " ind2=" "><subfield code="0">22670787890006421</subfield><subfield code="j">1</subfield><subfield code="z">pa</subfield><subfield code="p">32101060518105</subfield><subfield code="t">1</subfield><subfield code="a">23670787740006421</subfield><subfield code="3">no.166-177 2006</subfield><subfield code="d">2007-04-09 20:00:00 US/Eastern</subfield><subfield code="q">2007-04-10 06:59:00 US/Eastern</subfield><subfield code="y">recap</subfield></datafield><datafield tag="876" ind1=" " ind2=" "><subfield code="0">22670787890006421</subfield><subfield code="j">1</subfield><subfield code="z">pa</subfield><subfield code="p">32101084866183</subfield><subfield code="t">1</subfield><subfield code="a">23670787700006421</subfield><subfield code="3">no.289-294 2010</subfield><subfield code="d">2013-05-28 20:00:00 US/Eastern</subfield><subfield code="q">2013-05-29 06:59:00 US/Eastern</subfield><subfield code="y">recap</subfield></datafield><datafield tag="876" ind1=" " ind2=" "><subfield code="0">22670787890006421</subfield><subfield code="j">1</subfield><subfield code="z">pa</subfield><subfield code="p">32101084866175</subfield><subfield code="t">1</subfield><subfield code="a">23670787710006421</subfield><subfield code="3">no.283-288 2010</subfield><subfield code="d">2013-05-28 20:00:00 US/Eastern</subfield><subfield code="q">2013-05-29 06:59:00 US/Eastern</subfield><subfield code="y">recap</subfield></datafield><datafield tag="876" ind1=" " ind2=" "><subfield code="0">22670788470006421</subfield><subfield code="j">1</subfield><subfield code="z">cjk</subfield><subfield code="p">32101108311828</subfield><subfield code="t">1</subfield><subfield code="a">23670788030006421</subfield><subfield code="3">2019 no. 7-9</subfield><subfield code="d">2020-11-09 19:00:00 US/Eastern</subfield><subfield code="q">2020-11-10 05:59:00 US/Eastern</subfield><subfield code="y">eastasian</subfield></datafield><datafield tag="876" ind1=" " ind2=" "><subfield code="0">22670788470006421</subfield><subfield code="j">1</subfield><subfield code="z">cjk</subfield><subfield code="p">32101113245144</subfield><subfield code="t">1</subfield><subfield code="a">23670787970006421</subfield><subfield code="3">2018 no.10-12</subfield><subfield code="d">2019-08-12 20:00:00 US/Eastern</subfield><subfield code="q">2019-08-13 06:59:00 US/Eastern</subfield><subfield code="y">eastasian</subfield></datafield><datafield tag="876" ind1=" " ind2=" "><subfield code="0">22670788470006421</subfield><subfield code="j">1</subfield><subfield code="z">cjk</subfield><subfield code="p">32101110384441</subfield><subfield code="a">23920184420006421</subfield><subfield code="3">2021 no. 4-6 </subfield><subfield code="d">2022-03-23 14:38:20 US/Eastern</subfield><subfield code="q">2022-03-23 14:38:56 US/Eastern</subfield><subfield code="y">eastasian</subfield></datafield><datafield tag="876" ind1=" " ind2=" "><subfield code="0">22670788470006421</subfield><subfield code="j">1</subfield><subfield code="z">cjk</subfield><subfield code="p">32101115488510</subfield><subfield code="a">231017990920006421</subfield><subfield code="3">2023 no. 9-12 </subfield><subfield code="d">2024-05-02 09:53:36 US/Eastern</subfield><subfield code="q">2024-05-02 09:53:56 US/Eastern</subfield><subfield code="y">eastasian</subfield></datafield><datafield tag="876" ind1=" " ind2=" "><subfield code="0">22670788470006421</subfield><subfield code="j">1</subfield><subfield code="z">cjk</subfield><subfield code="p">32101114216649</subfield><subfield code="a">23989301790006421</subfield><subfield code="3">2021 no. 7-9 </subfield><subfield code="d">2023-08-03 10:59:49 US/Eastern</subfield><subfield code="q">2023-08-03 11:01:21 US/Eastern</subfield><subfield code="y">eastasian</subfield></datafield></record>