<record><leader>02301cas a2200409 a 4500</leader><controlfield tag="005">20240920090945.0</controlfield><controlfield tag="008">000817c19uu9999cc qr p       0   e0chi d</controlfield><controlfield tag="001">9932154313506421</controlfield><datafield tag="022" ind1=" " ind2=" "><subfield code="a">1004-1508</subfield></datafield><datafield tag="035" ind1=" " ind2=" "><subfield code="a">(CStRLIN)NJPX00-S110</subfield></datafield><datafield tag="035" ind1=" " ind2=" "><subfield code="a">(NjP)3215431-princetondb</subfield></datafield><datafield tag="035" ind1=" " ind2=" "><subfield code="a">(OCoLC)ocm18718700</subfield></datafield><datafield tag="035" ind1=" " ind2=" "><subfield code="z">(NjP)Voyager3215431</subfield></datafield><datafield tag="040" ind1=" " ind2=" "><subfield code="a">NjP-G</subfield><subfield code="b">eng</subfield><subfield code="c">NjP-G</subfield><subfield code="d">CStRLIN</subfield></datafield><datafield tag="041" ind1="0" ind2=" "><subfield code="a">chi</subfield><subfield code="b">eng</subfield></datafield><datafield tag="043" ind1=" " ind2=" "><subfield code="a">az-----</subfield></datafield><datafield tag="066" ind1=" " ind2=" "><subfield code="c">$1</subfield></datafield><datafield tag="090" ind1=" " ind2=" "><subfield code="a">DS331</subfield><subfield code="b">.N36</subfield><subfield code="i">10/17/03 T</subfield><subfield code="h">06/26/00 T</subfield></datafield><datafield tag="245" ind1="0" ind2="0"><subfield code="6">880-01</subfield><subfield code="a">Nan Ya yan jiu ji kan =</subfield><subfield code="b">South Asian studies quarterly /</subfield><subfield code="c">Sichuan da xue Nan Ya yan jiu suo = South Asian studies quarterly / Institute of South Asian Studies of Sichuan University.</subfield></datafield><datafield tag="880" ind1="0" ind2="0"><subfield code="6">245-01/$1</subfield><subfield code="a">南亚研究季刋 =</subfield><subfield code="b">South Asian studies quarterly /</subfield><subfield code="c">四川大学南亚硏究所 = South Asian studies quarterly / Institute of South Asian Studies of Sichuan University.</subfield></datafield><datafield tag="246" ind1="3" ind2="1"><subfield code="a">South Asian studies quarterly</subfield></datafield><datafield tag="260" ind1=" " ind2=" "><subfield code="6">880-02</subfield><subfield code="a">[Chengdu] :</subfield><subfield code="b">"Nan Ya yan jiu ji kan" bian ji bu,</subfield></datafield><datafield tag="880" ind1=" " ind2=" "><subfield code="6">260-02/$1</subfield><subfield code="a">[成都] :</subfield><subfield code="b">《南亚研究季刊》编辑部,</subfield></datafield><datafield tag="300" ind1=" " ind2=" "><subfield code="a">v. ;</subfield><subfield code="c">26 cm.</subfield></datafield><datafield tag="310" ind1=" " ind2=" "><subfield code="a">Quarterly</subfield></datafield><datafield tag="583" ind1="1" ind2=" "><subfield code="a">Committed to retain</subfield><subfield code="d">in perpetuity</subfield><subfield code="f">ReCAP</subfield><subfield code="f">Chinese Serials Collaborative Collection</subfield><subfield code="5">[MH, NjP, NN, or NNC]</subfield><subfield code="u">http://arks.princeton.edu/ark:/88435/dcxg94j1575</subfield></datafield><datafield tag="588" ind1=" " ind2=" "><subfield code="a">Description based on: 1990, 1 = zong di 58 qi; title from cover.</subfield></datafield><datafield tag="546" ind1=" " ind2=" "><subfield code="a">Chinese; abstracts of selected articles in English.</subfield></datafield><datafield tag="651" ind1=" " ind2="0"><subfield code="a">South Asia</subfield><subfield code="v">Periodicals.</subfield></datafield><datafield tag="655" ind1=" " ind2="7"><subfield code="a">Periodicals.</subfield><subfield code="2">lcgft</subfield><subfield code="0">http://id.loc.gov/authorities/genreForms/gf2014026139</subfield></datafield><datafield tag="710" ind1="2" ind2=" "><subfield code="6">880-03</subfield><subfield code="a">Sichuan da xue.</subfield><subfield code="b">Nan Ya yan jiu suo.</subfield><subfield code="0">http://id.loc.gov/authorities/names/n83074307</subfield></datafield><datafield tag="880" ind1="2" ind2=" "><subfield code="6">710-03/$1</subfield><subfield code="a">四川大学.</subfield><subfield code="b">南亚研究所.</subfield></datafield><datafield tag="914" ind1=" " ind2=" "><subfield code="a">(OCoLC)ocm18718700</subfield><subfield code="b">OCoLC</subfield><subfield code="c">match</subfield><subfield code="d">20230125</subfield><subfield code="e">processed</subfield><subfield code="f">18718700</subfield></datafield><datafield tag="950" ind1=" " ind2=" "><subfield code="l">C</subfield><subfield code="v">No.58 (1990)-65 (1991)</subfield><subfield code="n">#9</subfield><subfield code="n">#50</subfield><subfield code="p">2</subfield></datafield><datafield tag="955" ind1=" " ind2=" "><subfield code="l">C</subfield><subfield code="c">1:(no.58-65 1990-1991)</subfield><subfield code="q">CNPITC 1-9-2000</subfield><subfield code="r">32101035773876</subfield><subfield code="h">06/26/00 C</subfield></datafield><datafield tag="987" ind1=" " ind2=" "><subfield code="a">PINYIN</subfield><subfield code="b">CStRLIN</subfield><subfield code="c">20010423</subfield><subfield code="d">c</subfield><subfield code="e">1.1</subfield></datafield><datafield tag="998" ind1=" " ind2=" "><subfield code="a">10/17/03</subfield><subfield code="t">c</subfield><subfield code="s">9114</subfield><subfield code="n">NjP-G</subfield><subfield code="w">NJPX00S110</subfield><subfield code="d">06/23/00</subfield><subfield code="c">CSW</subfield><subfield code="b">SML</subfield><subfield code="i">031017</subfield><subfield code="h">000626</subfield><subfield code="l">NJPX</subfield></datafield><datafield tag="950" ind1=" " ind2=" "><subfield code="c">2024-09-20 09:09:45 US/Eastern</subfield><subfield code="b">2021-07-12 17:50:39 US/Eastern</subfield><subfield code="a">false</subfield></datafield><datafield tag="852" ind1="0" ind2=" "><subfield code="b">eastasian</subfield><subfield code="c">cjk</subfield><subfield code="h">DS331</subfield><subfield code="i">.N36</subfield><subfield code="8">22582969320006421</subfield></datafield><datafield tag="866" ind1=" " ind2="0"><subfield code="a">No. 99 (2000)-no. 163 (2015); 2016 no. 1-2024 no. 4</subfield><subfield code="8">22582969320006421</subfield></datafield><datafield tag="866" ind1=" " ind2="0"><subfield code="z">LACKS: no. 107, 152-159, 2020 no. 4, 2021 no. 1-3</subfield><subfield code="8">22582969320006421</subfield></datafield><datafield tag="866" ind1=" " ind2="0"><subfield code="z">CURRENT ISSUES IN: East Asian Library (Gest)</subfield><subfield code="8">22582969320006421</subfield></datafield><datafield tag="952" ind1=" " ind2=" "><subfield code="d">2025-12-16 20:30:59</subfield><subfield code="8">22582969320006421</subfield><subfield code="a">2021-07-12 21:50:39</subfield><subfield code="b">East Asian Library</subfield><subfield code="c">cjk: East Asian Library</subfield><subfield code="e">false</subfield></datafield><datafield tag="852" ind1="0" ind2=" "><subfield code="b">recap</subfield><subfield code="c">pa</subfield><subfield code="h">DS331</subfield><subfield code="i">.N36</subfield><subfield code="8">22582969020006421</subfield></datafield><datafield tag="866" ind1=" " ind2="0"><subfield code="a">No. 58 (1990)-no. 98 (1999)</subfield><subfield code="8">22582969020006421</subfield></datafield><datafield tag="866" ind1=" " ind2="0"><subfield code="z">LACKS: no. 93</subfield><subfield code="8">22582969020006421</subfield></datafield><datafield tag="952" ind1=" " ind2=" "><subfield code="d">2024-05-24 18:23:49</subfield><subfield code="8">22582969020006421</subfield><subfield code="a">2021-07-12 21:50:39</subfield><subfield code="b">ReCAP</subfield><subfield code="c">rcppa: RECAP</subfield><subfield code="e">false</subfield></datafield><datafield tag="876" ind1=" " ind2=" "><subfield code="0">22582969020006421</subfield><subfield code="j">1</subfield><subfield code="z">pa</subfield><subfield code="p">32101081926279</subfield><subfield code="t">1</subfield><subfield code="a">23582968950006421</subfield><subfield code="3">no.58-65 1990-1991</subfield><subfield code="d">2012-01-25 19:00:00 US/Eastern</subfield><subfield code="q">2012-01-26 05:59:00 US/Eastern</subfield><subfield code="y">recap</subfield></datafield><datafield tag="876" ind1=" " ind2=" "><subfield code="0">22582969320006421</subfield><subfield code="j">1</subfield><subfield code="z">cjk</subfield><subfield code="p">32101081847632</subfield><subfield code="t">1</subfield><subfield code="a">23582969100006421</subfield><subfield code="3">no.132-135 2008</subfield><subfield code="d">2012-01-30 19:00:00 US/Eastern</subfield><subfield code="q">2012-01-31 05:59:00 US/Eastern</subfield><subfield code="y">eastasian</subfield></datafield><datafield tag="876" ind1=" " ind2=" "><subfield code="0">22582969020006421</subfield><subfield code="j">1</subfield><subfield code="z">pa</subfield><subfield code="p">32101050111283</subfield><subfield code="t">1</subfield><subfield code="a">23582968980006421</subfield><subfield code="3">no.90-92,94-98 1998-1999</subfield><subfield code="d">2003-10-16 20:00:00 US/Eastern</subfield><subfield code="q">2003-10-17 06:59:00 US/Eastern</subfield><subfield code="y">recap</subfield></datafield><datafield tag="876" ind1=" " ind2=" "><subfield code="0">22582969020006421</subfield><subfield code="j">1</subfield><subfield code="z">pa</subfield><subfield code="p">32101081926295</subfield><subfield code="t">1</subfield><subfield code="a">23582968990006421</subfield><subfield code="3">no.74-81 1994-1995</subfield><subfield code="d">2001-04-02 20:00:00 US/Eastern</subfield><subfield code="q">2001-04-03 06:59:00 US/Eastern</subfield><subfield code="y">recap</subfield></datafield><datafield tag="876" ind1=" " ind2=" "><subfield code="0">22582969320006421</subfield><subfield code="j">1</subfield><subfield code="z">cjk</subfield><subfield code="p">32101114065434</subfield><subfield code="a">231096051060006421</subfield><subfield code="3">2024 </subfield><subfield code="d">2025-12-16 15:31:17 US/Eastern</subfield><subfield code="q">2025-12-16 15:31:29 US/Eastern</subfield><subfield code="y">eastasian</subfield></datafield><datafield tag="876" ind1=" " ind2=" "><subfield code="0">22582969320006421</subfield><subfield code="j">1</subfield><subfield code="z">cjk</subfield><subfield code="p">32101117974616</subfield><subfield code="a">23966570110006421</subfield><subfield code="3">2016 </subfield><subfield code="d">2023-03-24 12:24:30 US/Eastern</subfield><subfield code="q">2023-03-24 12:25:14 US/Eastern</subfield><subfield code="y">eastasian</subfield></datafield><datafield tag="876" ind1=" " ind2=" "><subfield code="0">22582969320006421</subfield><subfield code="j">1</subfield><subfield code="z">cjk</subfield><subfield code="p">32101088508203</subfield><subfield code="t">1</subfield><subfield code="a">23582969080006421</subfield><subfield code="3">no.148-151 2012</subfield><subfield code="d">2013-09-03 20:00:00 US/Eastern</subfield><subfield code="q">2013-09-04 06:59:00 US/Eastern</subfield><subfield code="y">eastasian</subfield></datafield><datafield tag="876" ind1=" " ind2=" "><subfield code="0">22582969320006421</subfield><subfield code="j">1</subfield><subfield code="z">cjk</subfield><subfield code="p">32101084858024</subfield><subfield code="t">1</subfield><subfield code="a">23582969090006421</subfield><subfield code="3">no.144-147 2011</subfield><subfield code="d">2013-04-24 20:00:00 US/Eastern</subfield><subfield code="q">2013-04-25 06:59:00 US/Eastern</subfield><subfield code="y">eastasian</subfield></datafield><datafield tag="876" ind1=" " ind2=" "><subfield code="0">22582969320006421</subfield><subfield code="j">1</subfield><subfield code="z">cjk</subfield><subfield code="p">32101117974590</subfield><subfield code="a">23966570060006421</subfield><subfield code="3">2019 no. 1-2020 no. 3 </subfield><subfield code="d">2023-03-24 12:29:26 US/Eastern</subfield><subfield code="q">2023-03-24 12:29:51 US/Eastern</subfield><subfield code="y">eastasian</subfield></datafield><datafield tag="876" ind1=" " ind2=" "><subfield code="0">22582969320006421</subfield><subfield code="j">1</subfield><subfield code="z">cjk</subfield><subfield code="p">32101056669649</subfield><subfield code="t">1</subfield><subfield code="a">23582969060006421</subfield><subfield code="3">no.108-115 2002-2003</subfield><subfield code="d">2004-11-02 19:00:00 US/Eastern</subfield><subfield code="q">2004-11-03 05:59:00 US/Eastern</subfield><subfield code="y">eastasian</subfield></datafield><datafield tag="876" ind1=" " ind2=" "><subfield code="0">22582969320006421</subfield><subfield code="j">1</subfield><subfield code="z">cjk</subfield><subfield code="p">32101099533091</subfield><subfield code="t">1</subfield><subfield code="a">23582969070006421</subfield><subfield code="3">no.160-163 2015</subfield><subfield code="d">2017-03-20 20:00:00 US/Eastern</subfield><subfield code="q">2017-03-21 06:59:00 US/Eastern</subfield><subfield code="y">eastasian</subfield></datafield><datafield tag="876" ind1=" " ind2=" "><subfield code="0">22582969320006421</subfield><subfield code="j">1</subfield><subfield code="z">cjk</subfield><subfield code="p">32101043666328</subfield><subfield code="t">1</subfield><subfield code="a">23582969130006421</subfield><subfield code="3">no.99-106 2000-2001</subfield><subfield code="d">2002-07-21 20:00:00 US/Eastern</subfield><subfield code="q">2002-07-22 06:59:00 US/Eastern</subfield><subfield code="y">eastasian</subfield></datafield><datafield tag="876" ind1=" " ind2=" "><subfield code="0">22582969320006421</subfield><subfield code="j">1</subfield><subfield code="z">cjk</subfield><subfield code="p">32101117974608</subfield><subfield code="a">23966570100006421</subfield><subfield code="3">2017-2018 </subfield><subfield code="d">2023-03-24 12:28:41 US/Eastern</subfield><subfield code="q">2023-03-24 12:28:53 US/Eastern</subfield><subfield code="y">eastasian</subfield></datafield><datafield tag="876" ind1=" " ind2=" "><subfield code="0">22582969320006421</subfield><subfield code="j">1</subfield><subfield code="z">cjk</subfield><subfield code="p">32101060515598</subfield><subfield code="t">1</subfield><subfield code="a">23582969120006421</subfield><subfield code="3">no.116-123 2004-2005</subfield><subfield code="d">2007-03-11 20:00:00 US/Eastern</subfield><subfield code="q">2007-03-12 06:59:00 US/Eastern</subfield><subfield code="y">eastasian</subfield></datafield><datafield tag="876" ind1=" " ind2=" "><subfield code="0">22582969320006421</subfield><subfield code="j">1</subfield><subfield code="z">cjk</subfield><subfield code="p">32101115489955</subfield><subfield code="a">231019696960006421</subfield><subfield code="3">2022 </subfield><subfield code="d">2024-05-24 14:26:23 US/Eastern</subfield><subfield code="q">2024-05-24 14:26:44 US/Eastern</subfield><subfield code="y">eastasian</subfield></datafield><datafield tag="876" ind1=" " ind2=" "><subfield code="0">22582969320006421</subfield><subfield code="j">1</subfield><subfield code="z">cjk</subfield><subfield code="p">32101072394669</subfield><subfield code="t">1</subfield><subfield code="a">23582969030006421</subfield><subfield code="3">no.128-131 2007</subfield><subfield code="d">2009-08-04 20:00:00 US/Eastern</subfield><subfield code="q">2009-08-05 06:59:00 US/Eastern</subfield><subfield code="y">eastasian</subfield></datafield><datafield tag="876" ind1=" " ind2=" "><subfield code="0">22582969320006421</subfield><subfield code="j">1</subfield><subfield code="z">cjk</subfield><subfield code="p">32101072392374</subfield><subfield code="t">1</subfield><subfield code="a">23582969110006421</subfield><subfield code="3">no.124-127 2006</subfield><subfield code="d">2009-07-07 20:00:00 US/Eastern</subfield><subfield code="q">2009-07-08 06:59:00 US/Eastern</subfield><subfield code="y">eastasian</subfield></datafield><datafield tag="876" ind1=" " ind2=" "><subfield code="0">22582969320006421</subfield><subfield code="j">1</subfield><subfield code="z">cjk</subfield><subfield code="p">32101115489849</subfield><subfield code="a">231019696970006421</subfield><subfield code="3">2021 no. 4 </subfield><subfield code="d">2024-05-24 14:25:12 US/Eastern</subfield><subfield code="q">2024-05-24 14:25:42 US/Eastern</subfield><subfield code="y">eastasian</subfield></datafield><datafield tag="876" ind1=" " ind2=" "><subfield code="0">22582969020006421</subfield><subfield code="j">1</subfield><subfield code="z">pa</subfield><subfield code="p">32101081926303</subfield><subfield code="t">1</subfield><subfield code="a">23582969010006421</subfield><subfield code="3">no.82-89 1996-1997</subfield><subfield code="d">2000-08-16 20:00:00 US/Eastern</subfield><subfield code="q">2000-08-17 06:59:00 US/Eastern</subfield><subfield code="y">recap</subfield></datafield><datafield tag="876" ind1=" " ind2=" "><subfield code="0">22582969320006421</subfield><subfield code="j">1</subfield><subfield code="z">cjk</subfield><subfield code="p">32101115489948</subfield><subfield code="a">231019696950006421</subfield><subfield code="3">2023 </subfield><subfield code="d">2024-05-24 14:27:27 US/Eastern</subfield><subfield code="q">2024-05-24 14:27:39 US/Eastern</subfield><subfield code="y">eastasian</subfield></datafield><datafield tag="876" ind1=" " ind2=" "><subfield code="0">22582969320006421</subfield><subfield code="j">1</subfield><subfield code="z">cjk</subfield><subfield code="p">32101077675237</subfield><subfield code="t">1</subfield><subfield code="a">23582969040006421</subfield><subfield code="3">no.140-143 2010</subfield><subfield code="d">2011-08-16 20:00:00 US/Eastern</subfield><subfield code="q">2011-08-17 06:59:00 US/Eastern</subfield><subfield code="y">eastasian</subfield></datafield><datafield tag="876" ind1=" " ind2=" "><subfield code="0">22582969320006421</subfield><subfield code="j">1</subfield><subfield code="z">cjk</subfield><subfield code="p">32101077523122</subfield><subfield code="t">1</subfield><subfield code="a">23582969050006421</subfield><subfield code="3">no.136-139 2009</subfield><subfield code="d">2011-02-13 19:00:00 US/Eastern</subfield><subfield code="q">2011-02-14 05:59:00 US/Eastern</subfield><subfield code="y">eastasian</subfield></datafield><datafield tag="876" ind1=" " ind2=" "><subfield code="0">22582969020006421</subfield><subfield code="j">1</subfield><subfield code="z">pa</subfield><subfield code="p">32101081926287</subfield><subfield code="t">1</subfield><subfield code="a">23582969000006421</subfield><subfield code="3">no.66-73 1992-1993</subfield><subfield code="d">2001-04-02 20:00:00 US/Eastern</subfield><subfield code="q">2001-04-03 06:59:00 US/Eastern</subfield><subfield code="y">recap</subfield></datafield><datafield tag="876" ind1=" " ind2=" "><subfield code="0">22582969320006421</subfield><subfield code="j">1</subfield><subfield code="z">cjk</subfield><subfield code="a">231091246970006421</subfield><subfield code="3">2025 no. 2 </subfield><subfield code="d">2025-10-28 12:29:34 US/Eastern</subfield><subfield code="q">2025-10-28 12:29:46 US/Eastern</subfield><subfield code="y">eastasian</subfield></datafield><datafield tag="876" ind1=" " ind2=" "><subfield code="0">22582969320006421</subfield><subfield code="j">1</subfield><subfield code="z">cjk</subfield><subfield code="a">231091246980006421</subfield><subfield code="3">2025 no. 1 </subfield><subfield code="d">2025-10-28 12:29:13 US/Eastern</subfield><subfield code="q">2025-10-28 12:29:24 US/Eastern</subfield><subfield code="y">eastasian</subfield></datafield></record>