<record><leader>02062cas a2200421Ia 4500</leader><controlfield tag="005">20241009130455.0</controlfield><controlfield tag="008">101123c20099999cc mr p       0   e0chi d</controlfield><controlfield tag="001">9963382393506421</controlfield><datafield tag="022" ind1=" " ind2=" "><subfield code="a">1674-554X</subfield><subfield code="z">1006-1304</subfield></datafield><datafield tag="035" ind1=" " ind2=" "><subfield code="a">(NjP)6338239-princetondb</subfield></datafield><datafield tag="035" ind1=" " ind2=" "><subfield code="a">(OCoLC)ocn682911222</subfield></datafield><datafield tag="035" ind1=" " ind2=" "><subfield code="z">(NjP)Voyager6338239</subfield></datafield><datafield tag="040" ind1=" " ind2=" "><subfield code="a">PULEA</subfield><subfield code="b">eng</subfield><subfield code="c">PULEA</subfield><subfield code="d">PULEA</subfield></datafield><datafield tag="049" ind1=" " ind2=" "><subfield code="a">MAIN</subfield></datafield><datafield tag="050" ind1=" " ind2="4"><subfield code="a">AP95.C4</subfield><subfield code="b">N36</subfield></datafield><datafield tag="245" ind1="0" ind2="0"><subfield code="6">880-01</subfield><subfield code="a">Min nan feng.</subfield></datafield><datafield tag="880" ind1="0" ind2="0"><subfield code="6">245-01</subfield><subfield code="a">闽南风=</subfield><subfield code="b">South Fujian style.</subfield></datafield><datafield tag="246" ind1="3" ind2=" "><subfield code="a">South Fujian style</subfield></datafield><datafield tag="260" ind1=" " ind2=" "><subfield code="6">880-02</subfield><subfield code="a">Zhangzhou Shi :</subfield><subfield code="b">"Min nan feng" za zhi she,</subfield><subfield code="c">2009-</subfield></datafield><datafield tag="880" ind1=" " ind2=" "><subfield code="6">260-02</subfield><subfield code="a">漳州市 :</subfield><subfield code="b">《闽南风》杂志社,</subfield><subfield code="c">2009-</subfield></datafield><datafield tag="300" ind1=" " ind2=" "><subfield code="a">v. :</subfield><subfield code="b">ill. ;</subfield><subfield code="c">29 cm.</subfield></datafield><datafield tag="310" ind1=" " ind2=" "><subfield code="a">Monthly</subfield></datafield><datafield tag="362" ind1="0" ind2=" "><subfield code="6">880-03</subfield><subfield code="a">2009 nian 1 yue hao- = zong di 109 qi-</subfield></datafield><datafield tag="880" ind1="0" ind2=" "><subfield code="6">362-03</subfield><subfield code="a">2009年1月号- = 总第109期-</subfield></datafield><datafield tag="583" ind1="1" ind2=" "><subfield code="a">Committed to retain</subfield><subfield code="d">in perpetuity</subfield><subfield code="f">ReCAP</subfield><subfield code="f">Chinese Serials Collaborative Collection</subfield><subfield code="5">[MH, NjP, NN, or NNC]</subfield><subfield code="u">http://arks.princeton.edu/ark:/88435/dcxg94j1575</subfield></datafield><datafield tag="588" ind1=" " ind2=" "><subfield code="6">880-04</subfield><subfield code="a">Description based on 2009, 1 (zong di 109 qi); title from cover.</subfield></datafield><datafield tag="880" ind1=" " ind2=" "><subfield code="6">588-04</subfield><subfield code="a">Description based on 2009, 1 (总第109期); title from cover.</subfield></datafield><datafield tag="515" ind1=" " ind2=" "><subfield code="a">2024 no. 4-9 not published per vendor</subfield></datafield><datafield tag="550" ind1=" " ind2=" "><subfield code="6">880-05</subfield><subfield code="a">Sponsored by: Zhangzhou Shi wen xue yi shu jie lian he hui.</subfield></datafield><datafield tag="880" ind1=" " ind2=" "><subfield code="6">550-05</subfield><subfield code="a">Sponsored by: 漳州市文学艺术界联合会.</subfield></datafield><datafield tag="710" ind1="2" ind2=" "><subfield code="6">880-06</subfield><subfield code="a">Zhangzhou Shi wen xue yi shu jie lian he hui.</subfield></datafield><datafield tag="880" ind1="2" ind2=" "><subfield code="6">710-06</subfield><subfield code="a">漳州市文学艺术界联合会.</subfield></datafield><datafield tag="780" ind1="0" ind2="0"><subfield code="6">880-07</subfield><subfield code="t">Nan fang (Zhangzhou Shi, China)</subfield><subfield code="x">1006-1304</subfield></datafield><datafield tag="880" ind1="0" ind2="0"><subfield code="6">780-07</subfield><subfield code="t">南方 (Zhangzhou Shi, China)</subfield><subfield code="x">1006-1304</subfield></datafield><datafield tag="902" ind1=" " ind2=" "><subfield code="a">eal</subfield><subfield code="e">20101123</subfield></datafield><datafield tag="914" ind1=" " ind2=" "><subfield code="a">(OCoLC)ocn682911222</subfield><subfield code="b">OCoLC</subfield><subfield code="c">match</subfield><subfield code="d">20221117</subfield><subfield code="e">processed</subfield><subfield code="f">682911222</subfield></datafield><datafield tag="979" ind1=" " ind2=" "><subfield code="a">(OCoLC)ocn682911227</subfield></datafield><datafield tag="994" ind1=" " ind2=" "><subfield code="a">C0</subfield><subfield code="b">PULEA</subfield></datafield><datafield tag="950" ind1=" " ind2=" "><subfield code="c">2024-10-09 13:04:55 US/Eastern</subfield><subfield code="b">2021-07-12 16:15:10 US/Eastern</subfield><subfield code="a">false</subfield></datafield><datafield tag="852" ind1="0" ind2=" "><subfield code="b">eastasian</subfield><subfield code="c">cjk</subfield><subfield code="h">AP95.C4</subfield><subfield code="i">N36</subfield><subfield code="8">22565772770006421</subfield></datafield><datafield tag="866" ind1=" " ind2="0"><subfield code="a">No. 205 (2017)-no. 264 (2021); 2022 no. 1-2024 no. 12</subfield><subfield code="8">22565772770006421</subfield></datafield><datafield tag="866" ind1=" " ind2="0"><subfield code="z">LACKS: no. 244</subfield><subfield code="8">22565772770006421</subfield></datafield><datafield tag="866" ind1=" " ind2="0"><subfield code="z">CURRENT ISSUES IN: East Asian Library (Gest)</subfield><subfield code="8">22565772770006421</subfield></datafield><datafield tag="952" ind1=" " ind2=" "><subfield code="d">2025-12-16 19:22:01</subfield><subfield code="8">22565772770006421</subfield><subfield code="a">2021-07-12 20:15:10</subfield><subfield code="b">East Asian Library</subfield><subfield code="c">cjk: East Asian Library</subfield><subfield code="e">false</subfield></datafield><datafield tag="852" ind1="0" ind2=" "><subfield code="b">recap</subfield><subfield code="c">pa</subfield><subfield code="h">AP95.C4</subfield><subfield code="i">N36</subfield><subfield code="8">22565772510006421</subfield></datafield><datafield tag="866" ind1=" " ind2="0"><subfield code="a">No. 109 (2009)-no. 204 (2016)</subfield><subfield code="8">22565772510006421</subfield></datafield><datafield tag="952" ind1=" " ind2=" "><subfield code="d">2024-10-09 17:04:12</subfield><subfield code="8">22565772510006421</subfield><subfield code="a">2021-07-12 20:15:10</subfield><subfield code="b">ReCAP</subfield><subfield code="c">rcppa: RECAP</subfield><subfield code="e">false</subfield></datafield><datafield tag="876" ind1=" " ind2=" "><subfield code="0">22565772510006421</subfield><subfield code="j">1</subfield><subfield code="z">pa</subfield><subfield code="p">32101084858214</subfield><subfield code="t">1</subfield><subfield code="a">23565772450006421</subfield><subfield code="3">no.145-150 2012</subfield><subfield code="d">2013-04-24 20:00:00 US/Eastern</subfield><subfield code="q">2013-04-25 06:59:00 US/Eastern</subfield><subfield code="y">recap</subfield></datafield><datafield tag="876" ind1=" " ind2=" "><subfield code="0">22565772770006421</subfield><subfield code="j">1</subfield><subfield code="z">cjk</subfield><subfield code="p">32101115480236</subfield><subfield code="a">231003745080006421</subfield><subfield code="3">2022 no. 7-12 </subfield><subfield code="d">2023-12-28 13:42:14 US/Eastern</subfield><subfield code="q">2023-12-28 13:42:29 US/Eastern</subfield><subfield code="y">eastasian</subfield></datafield><datafield tag="876" ind1=" " ind2=" "><subfield code="0">22565772510006421</subfield><subfield code="j">1</subfield><subfield code="z">pa</subfield><subfield code="p">32101093170866</subfield><subfield code="t">1</subfield><subfield code="a">23565772370006421</subfield><subfield code="3">no.157-162 2013</subfield><subfield code="d">2013-11-04 19:00:00 US/Eastern</subfield><subfield code="q">2013-11-05 05:59:00 US/Eastern</subfield><subfield code="y">recap</subfield></datafield><datafield tag="876" ind1=" " ind2=" "><subfield code="0">22565772510006421</subfield><subfield code="j">1</subfield><subfield code="z">pa</subfield><subfield code="p">32101084858461</subfield><subfield code="t">1</subfield><subfield code="a">23565772440006421</subfield><subfield code="3">no.133-138 2011</subfield><subfield code="d">2013-04-24 20:00:00 US/Eastern</subfield><subfield code="q">2013-04-25 06:59:00 US/Eastern</subfield><subfield code="y">recap</subfield></datafield><datafield tag="876" ind1=" " ind2=" "><subfield code="0">22565772510006421</subfield><subfield code="j">1</subfield><subfield code="z">pa</subfield><subfield code="p">32101113244113</subfield><subfield code="t">1</subfield><subfield code="a">23565772460006421</subfield><subfield code="3">no.199-204 2016</subfield><subfield code="d">2019-08-06 20:00:00 US/Eastern</subfield><subfield code="q">2019-08-07 06:59:00 US/Eastern</subfield><subfield code="y">recap</subfield></datafield><datafield tag="876" ind1=" " ind2=" "><subfield code="0">22565772510006421</subfield><subfield code="j">1</subfield><subfield code="z">pa</subfield><subfield code="p">32101084858479</subfield><subfield code="t">1</subfield><subfield code="a">23565772430006421</subfield><subfield code="3">no.139-144 2011</subfield><subfield code="d">2013-04-24 20:00:00 US/Eastern</subfield><subfield code="q">2013-04-25 06:59:00 US/Eastern</subfield><subfield code="y">recap</subfield></datafield><datafield tag="876" ind1=" " ind2=" "><subfield code="0">22565772770006421</subfield><subfield code="j">1</subfield><subfield code="z">cjk</subfield><subfield code="p">32101114065202</subfield><subfield code="a">231096051800006421</subfield><subfield code="3">2024 no. 1-3, 10-12 </subfield><subfield code="d">2025-12-16 14:19:28 US/Eastern</subfield><subfield code="q">2025-12-16 14:19:57 US/Eastern</subfield><subfield code="y">eastasian</subfield></datafield><datafield tag="876" ind1=" " ind2=" "><subfield code="0">22565772510006421</subfield><subfield code="j">1</subfield><subfield code="z">pa</subfield><subfield code="p">32101099720797</subfield><subfield code="t">1</subfield><subfield code="a">23565772380006421</subfield><subfield code="3">no.187-192 2015</subfield><subfield code="d">2016-05-17 20:00:00 US/Eastern</subfield><subfield code="q">2016-05-18 06:59:00 US/Eastern</subfield><subfield code="y">recap</subfield></datafield><datafield tag="876" ind1=" " ind2=" "><subfield code="0">22565772510006421</subfield><subfield code="j">1</subfield><subfield code="z">pa</subfield><subfield code="p">32101086665500</subfield><subfield code="t">1</subfield><subfield code="a">23565772390006421</subfield><subfield code="3">no.169-174 2014</subfield><subfield code="d">2014-10-07 20:00:00 US/Eastern</subfield><subfield code="q">2014-10-08 06:59:00 US/Eastern</subfield><subfield code="y">recap</subfield></datafield><datafield tag="876" ind1=" " ind2=" "><subfield code="0">22565772770006421</subfield><subfield code="j">1</subfield><subfield code="z">cjk</subfield><subfield code="p">32101117973188</subfield><subfield code="a">23966420460006421</subfield><subfield code="3">no. 229-234 (2019)</subfield><subfield code="d">2023-03-21 12:24:31 US/Eastern</subfield><subfield code="q">2023-03-21 12:28:45 US/Eastern</subfield><subfield code="y">eastasian</subfield></datafield><datafield tag="876" ind1=" " ind2=" "><subfield code="0">22565772510006421</subfield><subfield code="j">1</subfield><subfield code="z">pa</subfield><subfield code="p">32101086735402</subfield><subfield code="t">1</subfield><subfield code="a">23565772400006421</subfield><subfield code="3">no.181-186 2015</subfield><subfield code="d">2015-11-05 19:00:00 US/Eastern</subfield><subfield code="q">2015-11-06 05:59:00 US/Eastern</subfield><subfield code="y">recap</subfield></datafield><datafield tag="876" ind1=" " ind2=" "><subfield code="0">22565772510006421</subfield><subfield code="j">1</subfield><subfield code="z">pa</subfield><subfield code="p">32101088502537</subfield><subfield code="t">1</subfield><subfield code="a">23565772410006421</subfield><subfield code="3">no.151-156 2012</subfield><subfield code="d">2013-08-13 20:00:00 US/Eastern</subfield><subfield code="q">2013-08-14 06:59:00 US/Eastern</subfield><subfield code="y">recap</subfield></datafield><datafield tag="876" ind1=" " ind2=" "><subfield code="0">22565772510006421</subfield><subfield code="j">1</subfield><subfield code="z">pa</subfield><subfield code="p">32101086641089</subfield><subfield code="t">1</subfield><subfield code="a">23565772420006421</subfield><subfield code="3">no.175-180 2014</subfield><subfield code="d">2015-10-20 20:00:00 US/Eastern</subfield><subfield code="q">2015-10-21 06:59:00 US/Eastern</subfield><subfield code="y">recap</subfield></datafield><datafield tag="876" ind1=" " ind2=" "><subfield code="0">22565772510006421</subfield><subfield code="j">1</subfield><subfield code="z">pa</subfield><subfield code="p">32101113244121</subfield><subfield code="t">1</subfield><subfield code="a">23565772470006421</subfield><subfield code="3">no.193-198 2016</subfield><subfield code="d">2019-08-06 20:00:00 US/Eastern</subfield><subfield code="q">2019-08-07 06:59:00 US/Eastern</subfield><subfield code="y">recap</subfield></datafield><datafield tag="876" ind1=" " ind2=" "><subfield code="0">22565772510006421</subfield><subfield code="j">1</subfield><subfield code="z">pa</subfield><subfield code="p">32101086658612</subfield><subfield code="t">1</subfield><subfield code="a">23565772480006421</subfield><subfield code="3">no.163-168 2013</subfield><subfield code="d">2014-06-02 20:00:00 US/Eastern</subfield><subfield code="q">2014-06-03 06:59:00 US/Eastern</subfield><subfield code="y">recap</subfield></datafield><datafield tag="876" ind1=" " ind2=" "><subfield code="0">22565772510006421</subfield><subfield code="j">1</subfield><subfield code="z">pa</subfield><subfield code="p">32101075462844</subfield><subfield code="t">1</subfield><subfield code="a">23565772490006421</subfield><subfield code="3">no.121-132 2010</subfield><subfield code="d">2011-07-25 20:00:00 US/Eastern</subfield><subfield code="q">2011-07-26 06:59:00 US/Eastern</subfield><subfield code="y">recap</subfield></datafield><datafield tag="876" ind1=" " ind2=" "><subfield code="0">22565772770006421</subfield><subfield code="j">1</subfield><subfield code="z">cjk</subfield><subfield code="p">32101115480228</subfield><subfield code="a">231003745070006421</subfield><subfield code="3">2023 no. 1-6 </subfield><subfield code="d">2023-12-28 13:43:31 US/Eastern</subfield><subfield code="q">2023-12-28 13:43:43 US/Eastern</subfield><subfield code="y">eastasian</subfield></datafield><datafield tag="876" ind1=" " ind2=" "><subfield code="0">22565772770006421</subfield><subfield code="j">1</subfield><subfield code="z">cjk</subfield><subfield code="p">32101115480244</subfield><subfield code="a">231003745090006421</subfield><subfield code="3">2022 no. 1-5 </subfield><subfield code="d">2023-12-28 13:37:25 US/Eastern</subfield><subfield code="q">2023-12-28 13:42:05 US/Eastern</subfield><subfield code="y">eastasian</subfield></datafield><datafield tag="876" ind1=" " ind2=" "><subfield code="0">22565772770006421</subfield><subfield code="j">1</subfield><subfield code="z">cjk</subfield><subfield code="p">32101115426387</subfield><subfield code="a">231030516090006421</subfield><subfield code="3">2022 no. 6 </subfield><subfield code="d">2024-10-09 13:01:49 US/Eastern</subfield><subfield code="q">2024-10-09 13:01:49 US/Eastern</subfield><subfield code="y">eastasian</subfield></datafield><datafield tag="876" ind1=" " ind2=" "><subfield code="0">22565772770006421</subfield><subfield code="j">1</subfield><subfield code="z">cjk</subfield><subfield code="p">32101113244097</subfield><subfield code="t">1</subfield><subfield code="a">23565772540006421</subfield><subfield code="3">no.211-216 2017</subfield><subfield code="d">2019-08-06 20:00:00 US/Eastern</subfield><subfield code="q">2019-08-07 06:59:00 US/Eastern</subfield><subfield code="y">eastasian</subfield></datafield><datafield tag="876" ind1=" " ind2=" "><subfield code="0">22565772770006421</subfield><subfield code="j">1</subfield><subfield code="z">cjk</subfield><subfield code="p">32101113244105</subfield><subfield code="t">1</subfield><subfield code="a">23565772560006421</subfield><subfield code="3">no.205-210 2017</subfield><subfield code="d">2019-08-06 20:00:00 US/Eastern</subfield><subfield code="q">2019-08-07 06:59:00 US/Eastern</subfield><subfield code="y">eastasian</subfield></datafield><datafield tag="876" ind1=" " ind2=" "><subfield code="0">22565772510006421</subfield><subfield code="j">1</subfield><subfield code="z">pa</subfield><subfield code="p">32101078143334</subfield><subfield code="t">1</subfield><subfield code="a">23565772500006421</subfield><subfield code="3">no.109-120 2009</subfield><subfield code="d">2011-05-04 20:00:00 US/Eastern</subfield><subfield code="q">2011-05-05 06:59:00 US/Eastern</subfield><subfield code="y">recap</subfield></datafield><datafield tag="876" ind1=" " ind2=" "><subfield code="0">22565772770006421</subfield><subfield code="j">1</subfield><subfield code="z">cjk</subfield><subfield code="p">32101115420612</subfield><subfield code="a">231003745060006421</subfield><subfield code="3">2023 no. 7-12 </subfield><subfield code="d">2023-12-28 13:44:41 US/Eastern</subfield><subfield code="q">2024-06-03 12:54:40 US/Eastern</subfield><subfield code="y">eastasian</subfield></datafield><datafield tag="876" ind1=" " ind2=" "><subfield code="0">22565772770006421</subfield><subfield code="j">1</subfield><subfield code="z">cjk</subfield><subfield code="p">32101113244071</subfield><subfield code="t">1</subfield><subfield code="a">23565772520006421</subfield><subfield code="3">no.223-228 2018</subfield><subfield code="d">2019-08-06 20:00:00 US/Eastern</subfield><subfield code="q">2019-08-07 06:59:00 US/Eastern</subfield><subfield code="y">eastasian</subfield></datafield><datafield tag="876" ind1=" " ind2=" "><subfield code="0">22565772770006421</subfield><subfield code="j">1</subfield><subfield code="z">cjk</subfield><subfield code="p">32101113244089</subfield><subfield code="t">1</subfield><subfield code="a">23565772530006421</subfield><subfield code="3">no.217-222 2018</subfield><subfield code="d">2019-08-06 20:00:00 US/Eastern</subfield><subfield code="q">2019-08-07 06:59:00 US/Eastern</subfield><subfield code="y">eastasian</subfield></datafield><datafield tag="876" ind1=" " ind2=" "><subfield code="0">22565772770006421</subfield><subfield code="j">1</subfield><subfield code="z">cjk</subfield><subfield code="p">32101117973147</subfield><subfield code="a">23966420300006421</subfield><subfield code="3">no. 253-258 (2021)</subfield><subfield code="d">2023-03-21 12:30:57 US/Eastern</subfield><subfield code="q">2023-03-21 12:32:35 US/Eastern</subfield><subfield code="y">eastasian</subfield></datafield><datafield tag="876" ind1=" " ind2=" "><subfield code="0">22565772770006421</subfield><subfield code="j">1</subfield><subfield code="z">cjk</subfield><subfield code="p">32101117973154</subfield><subfield code="a">23966420310006421</subfield><subfield code="3">no. 247-252 (2020)</subfield><subfield code="d">2023-03-21 12:29:51 US/Eastern</subfield><subfield code="q">2023-03-21 12:30:10 US/Eastern</subfield><subfield code="y">eastasian</subfield></datafield><datafield tag="876" ind1=" " ind2=" "><subfield code="0">22565772770006421</subfield><subfield code="j">1</subfield><subfield code="z">cjk</subfield><subfield code="p">32101117973162</subfield><subfield code="a">23966420320006421</subfield><subfield code="3">no. 241-242, 243-246 (2020)</subfield><subfield code="d">2023-03-21 12:28:55 US/Eastern</subfield><subfield code="q">2023-03-21 12:29:22 US/Eastern</subfield><subfield code="y">eastasian</subfield></datafield><datafield tag="876" ind1=" " ind2=" "><subfield code="0">22565772770006421</subfield><subfield code="j">1</subfield><subfield code="z">cjk</subfield><subfield code="a">231091286940006421</subfield><subfield code="3">2025 no. 1/2-3/5 </subfield><subfield code="d">2025-10-29 12:40:33 US/Eastern</subfield><subfield code="q">2025-10-29 12:41:11 US/Eastern</subfield><subfield code="y">eastasian</subfield></datafield><datafield tag="876" ind1=" " ind2=" "><subfield code="0">22565772770006421</subfield><subfield code="j">1</subfield><subfield code="z">cjk</subfield><subfield code="p">32101117973170</subfield><subfield code="a">23966420330006421</subfield><subfield code="3">no. 235-240 (2019)</subfield><subfield code="d">2023-03-21 12:27:35 US/Eastern</subfield><subfield code="q">2023-03-21 12:27:53 US/Eastern</subfield><subfield code="y">eastasian</subfield></datafield><datafield tag="876" ind1=" " ind2=" "><subfield code="0">22565772770006421</subfield><subfield code="j">1</subfield><subfield code="z">cjk</subfield><subfield code="p">32101117973196</subfield><subfield code="a">23966420290006421</subfield><subfield code="3">no. 259-264 (2021)</subfield><subfield code="d">2023-03-21 12:31:43 US/Eastern</subfield><subfield code="q">2023-03-21 12:32:10 US/Eastern</subfield><subfield code="y">eastasian</subfield></datafield></record>