<record><leader>02672cas a2200493 a 4500</leader><controlfield tag="005">20240912130802.0</controlfield><controlfield tag="008">980210c19959999cc br p       0   e0chi d</controlfield><controlfield tag="001">9931564313506421</controlfield><datafield tag="022" ind1=" " ind2=" "><subfield code="a">1007-161X</subfield><subfield code="z">1003-9724</subfield></datafield><datafield tag="035" ind1=" " ind2=" "><subfield code="a">(CStRLIN)NJPX98-S44</subfield></datafield><datafield tag="035" ind1=" " ind2=" "><subfield code="a">(NjP)3156431-princetondb</subfield></datafield><datafield tag="035" ind1=" " ind2=" "><subfield code="a">(OCoLC)ocm49651389</subfield></datafield><datafield tag="035" ind1=" " ind2=" "><subfield code="z">(NjP)Voyager3156431</subfield></datafield><datafield tag="040" ind1=" " ind2=" "><subfield code="a">CSt-H</subfield><subfield code="b">eng</subfield><subfield code="c">PULEA</subfield><subfield code="d">PULEA</subfield></datafield><datafield tag="041" ind1="0" ind2=" "><subfield code="a">chi</subfield><subfield code="f">eng</subfield></datafield><datafield tag="043" ind1=" " ind2=" "><subfield code="a">a------</subfield><subfield code="a">p------</subfield></datafield><datafield tag="049" ind1=" " ind2=" "><subfield code="a">MAIN</subfield></datafield><datafield tag="090" ind1=" " ind2=" "><subfield code="a">DS1</subfield><subfield code="b">.Y321 no.19-</subfield></datafield><datafield tag="245" ind1="0" ind2="0"><subfield code="6">880-01</subfield><subfield code="a">Dang dai Ya Tai =</subfield><subfield code="b">Journal of contemporary Asia-Pacific studies.</subfield></datafield><datafield tag="880" ind1="0" ind2="0"><subfield code="6">245-01</subfield><subfield code="a">當代亞太 =</subfield><subfield code="b">Journal of contemporary Asia-Pacific studies.</subfield></datafield><datafield tag="246" ind1="3" ind2="1"><subfield code="a">Journal of contemporary Asia-Pacific studies</subfield></datafield><datafield tag="246" ind1="3" ind2="0"><subfield code="a">Contemporary Asia-Pacific studies</subfield></datafield><datafield tag="260" ind1=" " ind2=" "><subfield code="6">880-02</subfield><subfield code="a">[Beijing] :</subfield><subfield code="b">She hui ke xue wen xian chu ban she,</subfield><subfield code="c">1995-</subfield></datafield><datafield tag="880" ind1=" " ind2=" "><subfield code="6">260-02</subfield><subfield code="a">[北京] :</subfield><subfield code="b">社会科学文献出版社,</subfield><subfield code="c">1995-</subfield></datafield><datafield tag="300" ind1=" " ind2=" "><subfield code="a">v. :</subfield><subfield code="b">ill. ;</subfield><subfield code="c">27 cm.</subfield></datafield><datafield tag="310" ind1=" " ind2=" "><subfield code="a">Bimonthly</subfield></datafield><datafield tag="362" ind1="0" ind2=" "><subfield code="a">1995, 1- = zong di 19 qi-</subfield></datafield><datafield tag="500" ind1=" " ind2=" "><subfield code="a">Title from cover.</subfield></datafield><datafield tag="546" ind1=" " ind2=" "><subfield code="a">Chinese; with table of contents also in English.</subfield></datafield><datafield tag="550" ind1=" " ind2=" "><subfield code="a">Sponsored by: Zhonguo she hui ke xue yuan Ya Tai suo, and: Zhongguo Ya Zhou Taiping Yang xue hui.</subfield></datafield><datafield tag="583" ind1="1" ind2=" "><subfield code="a">Committed to retain</subfield><subfield code="d">in perpetuity</subfield><subfield code="f">ReCAP</subfield><subfield code="f">Chinese Serials Collaborative Collection</subfield><subfield code="5">[MH, NjP, NN, or NNC]</subfield><subfield code="u">http://arks.princeton.edu/ark:/88435/dcxg94j1575</subfield></datafield><datafield tag="651" ind1=" " ind2="0"><subfield code="a">Asia</subfield><subfield code="v">Periodicals.</subfield><subfield code="0">http://id.loc.gov/authorities/subjects/sh2008114272</subfield></datafield><datafield tag="651" ind1=" " ind2="0"><subfield code="a">Pacific Area</subfield><subfield code="v">Periodicals.</subfield></datafield><datafield tag="655" ind1=" " ind2="7"><subfield code="a">Periodicals.</subfield><subfield code="2">lcgft</subfield><subfield code="0">http://id.loc.gov/authorities/genreForms/gf2014026139</subfield></datafield><datafield tag="710" ind1="2" ind2=" "><subfield code="6">880-03</subfield><subfield code="a">Zhongguo she hui ke xue yuan.</subfield><subfield code="b">Ya Zhou Taiping Yang yan jiu suo.</subfield><subfield code="0">http://id.loc.gov/authorities/names/nr96010065</subfield></datafield><datafield tag="880" ind1="2" ind2=" "><subfield code="6">710-03</subfield><subfield code="a">中国社会科学院.</subfield><subfield code="b">亚洲太平洋研究所.</subfield></datafield><datafield tag="710" ind1="2" ind2=" "><subfield code="6">880-04</subfield><subfield code="a">Zhongguo Yazhou Taiping yang xue hui.</subfield><subfield code="0">http://id.loc.gov/authorities/names/nr98005682</subfield></datafield><datafield tag="880" ind1="2" ind2=" "><subfield code="6">710-04</subfield><subfield code="a">中国亚洲太平洋学会.</subfield></datafield><datafield tag="780" ind1="0" ind2="0"><subfield code="6">880-05</subfield><subfield code="t">Ya Tai yan jiu</subfield><subfield code="x">1003-9724</subfield></datafield><datafield tag="880" ind1="0" ind2="0"><subfield code="6">780-05</subfield><subfield code="t">亚太研究</subfield><subfield code="x">1003-9724</subfield></datafield><datafield tag="852" ind1="0" ind2=" "><subfield code="a">NjP-G</subfield><subfield code="b">C</subfield><subfield code="h">DS1</subfield><subfield code="i">.Y321 no.19-</subfield><subfield code="x">c.1 (no.19-24 1995) CNPITC 4-13-1996. 32101033117506</subfield><subfield code="x">c.1 (no.25-30 1996) CNPITC 4-13-1996. 32101033117514</subfield><subfield code="x">CIN=CSW; OID=IC</subfield><subfield code="z">Library has: No.19 (1995)-48 (1998)</subfield></datafield><datafield tag="914" ind1=" " ind2=" "><subfield code="a">(OCoLC)ocm49651389</subfield><subfield code="b">OCoLC</subfield><subfield code="c">field transfer</subfield><subfield code="d">20221117</subfield><subfield code="e">processed</subfield><subfield code="f">49651389</subfield></datafield><datafield tag="979" ind1=" " ind2=" "><subfield code="a">(OCoLC)ocn153859549</subfield></datafield><datafield tag="994" ind1=" " ind2=" "><subfield code="a">C0</subfield><subfield code="b">PULEA</subfield></datafield><datafield tag="950" ind1=" " ind2=" "><subfield code="c">2024-09-12 13:08:02 US/Eastern</subfield><subfield code="b">2021-07-13 00:40:27 US/Eastern</subfield><subfield code="a">false</subfield></datafield><datafield tag="852" ind1="0" ind2=" "><subfield code="b">recap</subfield><subfield code="c">pa</subfield><subfield code="h">DS1</subfield><subfield code="i">.Y321</subfield><subfield code="8">22657317900006421</subfield></datafield><datafield tag="866" ind1=" " ind2="0"><subfield code="a">No. 19 (1995)-no. 192 (2013)</subfield><subfield code="8">22657317900006421</subfield></datafield><datafield tag="952" ind1=" " ind2=" "><subfield code="d">2024-05-16 17:32:59</subfield><subfield code="8">22657317900006421</subfield><subfield code="a">2021-07-13 04:40:27</subfield><subfield code="b">ReCAP</subfield><subfield code="c">rcppa: RECAP</subfield><subfield code="e">false</subfield></datafield><datafield tag="852" ind1="0" ind2=" "><subfield code="b">eastasian</subfield><subfield code="c">cjk</subfield><subfield code="h">DS1</subfield><subfield code="i">.Y321</subfield><subfield code="8">22657318180006421</subfield></datafield><datafield tag="866" ind1=" " ind2="0"><subfield code="a">No. 193 (2014)-no. 222 (2018); 2019 no. 1-2024 no. 6</subfield><subfield code="8">22657318180006421</subfield></datafield><datafield tag="866" ind1=" " ind2="0"><subfield code="z">CURRENT ISSUES IN: East Asian Library (Gest)</subfield><subfield code="8">22657318180006421</subfield></datafield><datafield tag="952" ind1=" " ind2=" "><subfield code="d">2025-12-16 15:12:11</subfield><subfield code="8">22657318180006421</subfield><subfield code="a">2021-07-13 04:40:27</subfield><subfield code="b">East Asian Library</subfield><subfield code="c">cjk: East Asian Library</subfield><subfield code="e">false</subfield></datafield><datafield tag="876" ind1=" " ind2=" "><subfield code="0">22657318180006421</subfield><subfield code="j">1</subfield><subfield code="z">cjk</subfield><subfield code="a">231095447020006421</subfield><subfield code="3">2025 no. 3 </subfield><subfield code="d">2025-12-12 08:33:53 US/Eastern</subfield><subfield code="q">2025-12-12 08:34:08 US/Eastern</subfield><subfield code="y">eastasian</subfield></datafield><datafield tag="876" ind1=" " ind2=" "><subfield code="0">22657318180006421</subfield><subfield code="j">1</subfield><subfield code="z">cjk</subfield><subfield code="p">32101113920902</subfield><subfield code="a">23992430820006421</subfield><subfield code="3">2022 </subfield><subfield code="d">2023-09-12 10:53:07 US/Eastern</subfield><subfield code="q">2023-09-12 10:53:23 US/Eastern</subfield><subfield code="y">eastasian</subfield></datafield><datafield tag="876" ind1=" " ind2=" "><subfield code="0">22657318180006421</subfield><subfield code="j">1</subfield><subfield code="z">cjk</subfield><subfield code="a">231095447030006421</subfield><subfield code="3">2025 no. 2 </subfield><subfield code="d">2025-12-12 08:33:31 US/Eastern</subfield><subfield code="q">2025-12-12 08:33:43 US/Eastern</subfield><subfield code="y">eastasian</subfield></datafield><datafield tag="876" ind1=" " ind2=" "><subfield code="0">22657318180006421</subfield><subfield code="j">1</subfield><subfield code="z">cjk</subfield><subfield code="a">231095917340006421</subfield><subfield code="3">2025 no. 1 </subfield><subfield code="d">2025-12-18 14:58:52 US/Eastern</subfield><subfield code="q">2025-12-18 14:59:07 US/Eastern</subfield><subfield code="y">eastasian</subfield></datafield><datafield tag="876" ind1=" " ind2=" "><subfield code="0">22657317900006421</subfield><subfield code="j">1</subfield><subfield code="z">pa</subfield><subfield code="p">32101050111275</subfield><subfield code="t">1</subfield><subfield code="a">23657317590006421</subfield><subfield code="3">no.85-96 2002</subfield><subfield code="d">2003-10-16 20:00:00 US/Eastern</subfield><subfield code="q">2003-10-17 06:59:00 US/Eastern</subfield><subfield code="y">recap</subfield></datafield><datafield tag="876" ind1=" " ind2=" "><subfield code="0">22657317900006421</subfield><subfield code="j">1</subfield><subfield code="z">pa</subfield><subfield code="p">32101066013903</subfield><subfield code="t">1</subfield><subfield code="a">23657317760006421</subfield><subfield code="3">no.145-156 2007</subfield><subfield code="d">2009-04-07 20:00:00 US/Eastern</subfield><subfield code="q">2009-04-08 06:59:00 US/Eastern</subfield><subfield code="y">recap</subfield></datafield><datafield tag="876" ind1=" " ind2=" "><subfield code="0">22657318180006421</subfield><subfield code="j">1</subfield><subfield code="z">cjk</subfield><subfield code="p">32101105706814</subfield><subfield code="t">1</subfield><subfield code="a">23657317930006421</subfield><subfield code="3">no.217-219 2018</subfield><subfield code="d">2019-05-19 20:00:00 US/Eastern</subfield><subfield code="q">2019-05-20 06:59:00 US/Eastern</subfield><subfield code="y">eastasian</subfield></datafield><datafield tag="876" ind1=" " ind2=" "><subfield code="0">22657317900006421</subfield><subfield code="j">1</subfield><subfield code="z">pa</subfield><subfield code="p">32101080988007</subfield><subfield code="t">1</subfield><subfield code="a">23657317850006421</subfield><subfield code="3">no.31-36 1997</subfield><subfield code="d">2000-06-12 20:00:00 US/Eastern</subfield><subfield code="q">2000-06-13 06:59:00 US/Eastern</subfield><subfield code="y">recap</subfield></datafield><datafield tag="876" ind1=" " ind2=" "><subfield code="0">22657318180006421</subfield><subfield code="j">1</subfield><subfield code="z">cjk</subfield><subfield code="p">32101095365241</subfield><subfield code="t">1</subfield><subfield code="a">23657317920006421</subfield><subfield code="3">no.196-198 2014</subfield><subfield code="d">2016-03-31 20:00:00 US/Eastern</subfield><subfield code="q">2016-04-01 06:59:00 US/Eastern</subfield><subfield code="y">eastasian</subfield></datafield><datafield tag="876" ind1=" " ind2=" "><subfield code="0">22657318180006421</subfield><subfield code="j">1</subfield><subfield code="z">cjk</subfield><subfield code="p">32101105706848</subfield><subfield code="t">1</subfield><subfield code="a">23657317940006421</subfield><subfield code="3">no.214-216 2017</subfield><subfield code="d">2019-05-19 20:00:00 US/Eastern</subfield><subfield code="q">2019-05-20 06:59:00 US/Eastern</subfield><subfield code="y">eastasian</subfield></datafield><datafield tag="876" ind1=" " ind2=" "><subfield code="0">22657317900006421</subfield><subfield code="j">1</subfield><subfield code="z">pa</subfield><subfield code="p">32101086655337</subfield><subfield code="t">1</subfield><subfield code="a">23657317670006421</subfield><subfield code="3">no.187-189 2013</subfield><subfield code="d">2014-03-05 19:00:00 US/Eastern</subfield><subfield code="q">2014-03-06 05:59:00 US/Eastern</subfield><subfield code="y">recap</subfield></datafield><datafield tag="876" ind1=" " ind2=" "><subfield code="0">22657317900006421</subfield><subfield code="j">1</subfield><subfield code="z">pa</subfield><subfield code="p">32101093523312</subfield><subfield code="t">1</subfield><subfield code="a">23657317680006421</subfield><subfield code="3">no.178-180 2011</subfield><subfield code="d">2013-12-29 19:00:00 US/Eastern</subfield><subfield code="q">2013-12-30 05:59:00 US/Eastern</subfield><subfield code="y">recap</subfield></datafield><datafield tag="876" ind1=" " ind2=" "><subfield code="0">22657317900006421</subfield><subfield code="j">1</subfield><subfield code="z">pa</subfield><subfield code="p">32101078226535</subfield><subfield code="t">1</subfield><subfield code="a">23657317740006421</subfield><subfield code="3">no.163-168 2009</subfield><subfield code="d">2011-02-14 19:00:00 US/Eastern</subfield><subfield code="q">2011-02-15 05:59:00 US/Eastern</subfield><subfield code="y">recap</subfield></datafield><datafield tag="876" ind1=" " ind2=" "><subfield code="0">22657317900006421</subfield><subfield code="j">1</subfield><subfield code="z">pa</subfield><subfield code="p">32101059149136</subfield><subfield code="t">1</subfield><subfield code="a">23657317780006421</subfield><subfield code="3">no.121-132 2005</subfield><subfield code="d">2006-07-17 20:00:00 US/Eastern</subfield><subfield code="q">2006-07-18 06:59:00 US/Eastern</subfield><subfield code="y">recap</subfield></datafield><datafield tag="876" ind1=" " ind2=" "><subfield code="0">22657318180006421</subfield><subfield code="j">1</subfield><subfield code="z">cjk</subfield><subfield code="p">32101105706806</subfield><subfield code="t">1</subfield><subfield code="a">23657318000006421</subfield><subfield code="3">no.220-222 2018</subfield><subfield code="d">2019-05-19 20:00:00 US/Eastern</subfield><subfield code="q">2019-05-20 06:59:00 US/Eastern</subfield><subfield code="y">eastasian</subfield></datafield><datafield tag="876" ind1=" " ind2=" "><subfield code="0">22657317900006421</subfield><subfield code="j">1</subfield><subfield code="z">pa</subfield><subfield code="p">32101075960102</subfield><subfield code="t">1</subfield><subfield code="a">23657317750006421</subfield><subfield code="3">no.157-162 2008</subfield><subfield code="d">2010-07-01 20:00:00 US/Eastern</subfield><subfield code="q">2010-07-02 06:59:00 US/Eastern</subfield><subfield code="y">recap</subfield></datafield><datafield tag="876" ind1=" " ind2=" "><subfield code="0">22657317900006421</subfield><subfield code="j">1</subfield><subfield code="z">pa</subfield><subfield code="p">32101063689499</subfield><subfield code="t">1</subfield><subfield code="a">23657317770006421</subfield><subfield code="3">no.133-144 2006</subfield><subfield code="d">2008-08-17 20:00:00 US/Eastern</subfield><subfield code="q">2008-08-18 06:59:00 US/Eastern</subfield><subfield code="y">recap</subfield></datafield><datafield tag="876" ind1=" " ind2=" "><subfield code="0">22657317900006421</subfield><subfield code="j">1</subfield><subfield code="z">pa</subfield><subfield code="p">32101056632530</subfield><subfield code="t">1</subfield><subfield code="a">23657317790006421</subfield><subfield code="3">no.109-120 2004</subfield><subfield code="d">2005-10-25 20:00:00 US/Eastern</subfield><subfield code="q">2005-10-26 06:59:00 US/Eastern</subfield><subfield code="y">recap</subfield></datafield><datafield tag="876" ind1=" " ind2=" "><subfield code="0">22657317900006421</subfield><subfield code="j">1</subfield><subfield code="z">pa</subfield><subfield code="p">32101086035282</subfield><subfield code="t">1</subfield><subfield code="a">23657317730006421</subfield><subfield code="3">no.169-171 2010</subfield><subfield code="d">2012-09-23 20:00:00 US/Eastern</subfield><subfield code="q">2012-09-24 06:59:00 US/Eastern</subfield><subfield code="y">recap</subfield></datafield><datafield tag="876" ind1=" " ind2=" "><subfield code="0">22657317900006421</subfield><subfield code="j">1</subfield><subfield code="z">pa</subfield><subfield code="p">32101093199790</subfield><subfield code="t">1</subfield><subfield code="a">23657317650006421</subfield><subfield code="3">no.184-186 2012</subfield><subfield code="d">2014-03-24 20:00:00 US/Eastern</subfield><subfield code="q">2014-03-25 06:59:00 US/Eastern</subfield><subfield code="y">recap</subfield></datafield><datafield tag="876" ind1=" " ind2=" "><subfield code="0">22657317900006421</subfield><subfield code="j">1</subfield><subfield code="z">pa</subfield><subfield code="p">32101080398025</subfield><subfield code="t">1</subfield><subfield code="a">23657317620006421</subfield><subfield code="3">no.190-192 2013</subfield><subfield code="d">2015-02-08 19:00:00 US/Eastern</subfield><subfield code="q">2015-02-09 05:59:00 US/Eastern</subfield><subfield code="y">recap</subfield></datafield><datafield tag="876" ind1=" " ind2=" "><subfield code="0">22657318180006421</subfield><subfield code="j">1</subfield><subfield code="z">cjk</subfield><subfield code="p">32101115423947</subfield><subfield code="a">231024070080006421</subfield><subfield code="3">2023 </subfield><subfield code="d">2024-07-31 15:06:47 US/Eastern</subfield><subfield code="q">2024-07-31 15:06:56 US/Eastern</subfield><subfield code="y">eastasian</subfield></datafield><datafield tag="876" ind1=" " ind2=" "><subfield code="0">22657318180006421</subfield><subfield code="j">1</subfield><subfield code="z">cjk</subfield><subfield code="p">32101114064916</subfield><subfield code="a">231096053680006421</subfield><subfield code="3">2024 </subfield><subfield code="d">2025-12-16 10:13:57 US/Eastern</subfield><subfield code="q">2025-12-16 10:14:18 US/Eastern</subfield><subfield code="y">eastasian</subfield></datafield><datafield tag="876" ind1=" " ind2=" "><subfield code="0">22657317900006421</subfield><subfield code="j">1</subfield><subfield code="z">pa</subfield><subfield code="p">32101093178182</subfield><subfield code="t">1</subfield><subfield code="a">23657317580006421</subfield><subfield code="3">no.181-183 2012</subfield><subfield code="d">2013-12-05 19:00:00 US/Eastern</subfield><subfield code="q">2013-12-06 05:59:00 US/Eastern</subfield><subfield code="y">recap</subfield></datafield><datafield tag="876" ind1=" " ind2=" "><subfield code="0">22657318180006421</subfield><subfield code="j">1</subfield><subfield code="z">cjk</subfield><subfield code="p">32101113920910</subfield><subfield code="a">23992430830006421</subfield><subfield code="3">2021 </subfield><subfield code="d">2023-09-12 10:51:13 US/Eastern</subfield><subfield code="q">2023-09-12 10:52:39 US/Eastern</subfield><subfield code="y">eastasian</subfield></datafield><datafield tag="876" ind1=" " ind2=" "><subfield code="0">22657317900006421</subfield><subfield code="j">1</subfield><subfield code="z">pa</subfield><subfield code="p">32101043960994</subfield><subfield code="t">1</subfield><subfield code="a">23657317610006421</subfield><subfield code="3">no.61-72 2000</subfield><subfield code="d">2002-03-28 19:00:00 US/Eastern</subfield><subfield code="q">2002-03-29 05:59:00 US/Eastern</subfield><subfield code="y">recap</subfield></datafield><datafield tag="876" ind1=" " ind2=" "><subfield code="0">22657318180006421</subfield><subfield code="j">1</subfield><subfield code="z">cjk</subfield><subfield code="p">32101105706871</subfield><subfield code="t">1</subfield><subfield code="a">23657317990006421</subfield><subfield code="3">no.199-201 2015</subfield><subfield code="d">2019-05-19 20:00:00 US/Eastern</subfield><subfield code="q">2019-05-20 06:59:00 US/Eastern</subfield><subfield code="y">eastasian</subfield></datafield><datafield tag="876" ind1=" " ind2=" "><subfield code="0">22657318180006421</subfield><subfield code="j">1</subfield><subfield code="z">cjk</subfield><subfield code="p">32101110231436</subfield><subfield code="a">23950344950006421</subfield><subfield code="3">2020 </subfield><subfield code="d">2022-11-01 10:59:17 US/Eastern</subfield><subfield code="q">2022-11-01 10:59:31 US/Eastern</subfield><subfield code="y">eastasian</subfield></datafield><datafield tag="876" ind1=" " ind2=" "><subfield code="0">22657318180006421</subfield><subfield code="j">1</subfield><subfield code="z">cjk</subfield><subfield code="p">32101110231444</subfield><subfield code="a">23950344960006421</subfield><subfield code="3">2019 </subfield><subfield code="d">2022-11-01 10:58:22 US/Eastern</subfield><subfield code="q">2022-11-01 10:58:43 US/Eastern</subfield><subfield code="y">eastasian</subfield></datafield><datafield tag="876" ind1=" " ind2=" "><subfield code="0">22657317900006421</subfield><subfield code="j">1</subfield><subfield code="z">pa</subfield><subfield code="p">32101086035308</subfield><subfield code="t">1</subfield><subfield code="a">23657317710006421</subfield><subfield code="3">no.175-177 2011</subfield><subfield code="d">2012-09-23 20:00:00 US/Eastern</subfield><subfield code="q">2012-09-24 06:59:00 US/Eastern</subfield><subfield code="y">recap</subfield></datafield><datafield tag="876" ind1=" " ind2=" "><subfield code="0">22657317900006421</subfield><subfield code="j">1</subfield><subfield code="z">pa</subfield><subfield code="p">32101086035290</subfield><subfield code="t">1</subfield><subfield code="a">23657317720006421</subfield><subfield code="3">no.172-174 2010</subfield><subfield code="d">2012-09-23 20:00:00 US/Eastern</subfield><subfield code="q">2012-09-24 06:59:00 US/Eastern</subfield><subfield code="y">recap</subfield></datafield><datafield tag="876" ind1=" " ind2=" "><subfield code="0">22657317900006421</subfield><subfield code="j">1</subfield><subfield code="z">pa</subfield><subfield code="p">32101048708059</subfield><subfield code="t">1</subfield><subfield code="a">23657317810006421</subfield><subfield code="3">no.73-84 2001</subfield><subfield code="d">2003-02-25 19:00:00 US/Eastern</subfield><subfield code="q">2003-02-26 05:59:00 US/Eastern</subfield><subfield code="y">recap</subfield></datafield><datafield tag="876" ind1=" " ind2=" "><subfield code="0">22657318180006421</subfield><subfield code="j">1</subfield><subfield code="z">cjk</subfield><subfield code="p">32101080403544</subfield><subfield code="t">1</subfield><subfield code="a">23657318010006421</subfield><subfield code="3">no.193-195 2014</subfield><subfield code="d">2015-04-29 20:00:00 US/Eastern</subfield><subfield code="q">2015-04-30 06:59:00 US/Eastern</subfield><subfield code="y">eastasian</subfield></datafield><datafield tag="876" ind1=" " ind2=" "><subfield code="0">22657317900006421</subfield><subfield code="j">1</subfield><subfield code="z">pa</subfield><subfield code="p">32101056667429</subfield><subfield code="t">1</subfield><subfield code="a">23657317800006421</subfield><subfield code="3">no.97-108 2003</subfield><subfield code="d">2004-10-17 20:00:00 US/Eastern</subfield><subfield code="q">2004-10-18 06:59:00 US/Eastern</subfield><subfield code="y">recap</subfield></datafield><datafield tag="876" ind1=" " ind2=" "><subfield code="0">22657318180006421</subfield><subfield code="j">1</subfield><subfield code="z">cjk</subfield><subfield code="p">32101105706822</subfield><subfield code="t">1</subfield><subfield code="a">23657317950006421</subfield><subfield code="3">no.211-213 2017</subfield><subfield code="d">2019-05-19 20:00:00 US/Eastern</subfield><subfield code="q">2019-05-20 06:59:00 US/Eastern</subfield><subfield code="y">eastasian</subfield></datafield><datafield tag="876" ind1=" " ind2=" "><subfield code="0">22657318180006421</subfield><subfield code="j">1</subfield><subfield code="z">cjk</subfield><subfield code="p">32101105706830</subfield><subfield code="t">1</subfield><subfield code="a">23657317960006421</subfield><subfield code="3">no.208-210 2016</subfield><subfield code="d">2019-05-19 20:00:00 US/Eastern</subfield><subfield code="q">2019-05-20 06:59:00 US/Eastern</subfield><subfield code="y">eastasian</subfield></datafield><datafield tag="876" ind1=" " ind2=" "><subfield code="0">22657318180006421</subfield><subfield code="j">1</subfield><subfield code="z">cjk</subfield><subfield code="p">32101105706855</subfield><subfield code="t">1</subfield><subfield code="a">23657317970006421</subfield><subfield code="3">no.205-207 2016</subfield><subfield code="d">2019-05-19 20:00:00 US/Eastern</subfield><subfield code="q">2019-05-20 06:59:00 US/Eastern</subfield><subfield code="y">eastasian</subfield></datafield><datafield tag="876" ind1=" " ind2=" "><subfield code="0">22657318180006421</subfield><subfield code="j">1</subfield><subfield code="z">cjk</subfield><subfield code="p">32101105706863</subfield><subfield code="t">1</subfield><subfield code="a">23657317980006421</subfield><subfield code="3">no.202-204 2015</subfield><subfield code="d">2019-05-19 20:00:00 US/Eastern</subfield><subfield code="q">2019-05-20 06:59:00 US/Eastern</subfield><subfield code="y">eastasian</subfield></datafield><datafield tag="876" ind1=" " ind2=" "><subfield code="0">22657317900006421</subfield><subfield code="j">1</subfield><subfield code="z">pa</subfield><subfield code="p">32101080988015</subfield><subfield code="t">1</subfield><subfield code="a">23657317830006421</subfield><subfield code="3">no.37-48 1998</subfield><subfield code="d">2000-06-12 20:00:00 US/Eastern</subfield><subfield code="q">2000-06-13 06:59:00 US/Eastern</subfield><subfield code="y">recap</subfield></datafield><datafield tag="876" ind1=" " ind2=" "><subfield code="0">22657317900006421</subfield><subfield code="j">1</subfield><subfield code="z">pa</subfield><subfield code="p">32101080987991</subfield><subfield code="t">1</subfield><subfield code="a">23657317860006421</subfield><subfield code="3">no.25-30 1996</subfield><subfield code="d">2000-06-12 20:00:00 US/Eastern</subfield><subfield code="q">2000-06-13 06:59:00 US/Eastern</subfield><subfield code="y">recap</subfield></datafield><datafield tag="876" ind1=" " ind2=" "><subfield code="0">22657317900006421</subfield><subfield code="j">1</subfield><subfield code="z">pa</subfield><subfield code="p">32101080988023</subfield><subfield code="t">1</subfield><subfield code="a">23657317820006421</subfield><subfield code="3">no.49-60 1999</subfield><subfield code="d">2001-04-03 20:00:00 US/Eastern</subfield><subfield code="q">2001-04-04 06:59:00 US/Eastern</subfield><subfield code="y">recap</subfield></datafield><datafield tag="876" ind1=" " ind2=" "><subfield code="0">22657317900006421</subfield><subfield code="j">1</subfield><subfield code="z">pa</subfield><subfield code="p">32101080987983</subfield><subfield code="t">1</subfield><subfield code="a">23657317890006421</subfield><subfield code="3">no.19-24 1995</subfield><subfield code="d">2000-06-12 20:00:00 US/Eastern</subfield><subfield code="q">2000-06-13 06:59:00 US/Eastern</subfield><subfield code="y">recap</subfield></datafield></record>