<record><leader>03261cam a2200505 i 4500</leader><controlfield tag="005">20260304202829.0</controlfield><controlfield tag="008">250228t20252025iluab    b    001 0 eng d</controlfield><controlfield tag="001">99131743118106421</controlfield><datafield tag="020" ind1=" " ind2=" "><subfield code="a">9781914363160</subfield></datafield><datafield tag="020" ind1=" " ind2=" "><subfield code="a">1914363167</subfield><subfield code="q">paperback</subfield></datafield><datafield tag="020" ind1=" " ind2=" "><subfield code="z">9781914363184</subfield><subfield code="q">ebook</subfield></datafield><datafield tag="020" ind1=" " ind2=" "><subfield code="z">9781914363177</subfield><subfield code="q">pdf</subfield></datafield><datafield tag="035" ind1=" " ind2=" "><subfield code="a">(OCoLC)1502703631</subfield></datafield><datafield tag="035" ind1=" " ind2=" "><subfield code="a">(OCoLC)on1502703631</subfield></datafield><datafield tag="040" ind1=" " ind2=" "><subfield code="a">YDX</subfield><subfield code="b">eng</subfield><subfield code="e">rda</subfield><subfield code="c">YDX</subfield><subfield code="d">RCE</subfield><subfield code="d">OCLCO</subfield><subfield code="d">VPI</subfield><subfield code="d">OCLCO</subfield><subfield code="d">BTS</subfield><subfield code="d">AAE</subfield></datafield><datafield tag="043" ind1=" " ind2=" "><subfield code="a">s-bl---</subfield></datafield><datafield tag="050" ind1=" " ind2="4"><subfield code="a">JL2429.C6</subfield><subfield code="b">A67 2025</subfield></datafield><datafield tag="050" ind1=" " ind2="4"><subfield code="a">JL2429.C6</subfield><subfield code="b">A56 2025</subfield></datafield><datafield tag="100" ind1="1" ind2=" "><subfield code="a">Ansell, Aaron,</subfield><subfield code="e">author.</subfield><subfield code="1">https://id.oclc.org/worldcat/entity/E39PCjvkvmr9jYTdGkhwtQRCpK</subfield></datafield><datafield tag="245" ind1="1" ind2="4"><subfield code="a">The elementary forms of corruption :</subfield><subfield code="b">moral imagination and political change in Brazil /</subfield><subfield code="c">Aaron Ansell.</subfield></datafield><datafield tag="264" ind1=" " ind2="1"><subfield code="a">Chicago :</subfield><subfield code="b">HAU Books,</subfield><subfield code="c">[2025]</subfield></datafield><datafield tag="264" ind1=" " ind2="4"><subfield code="c">©2025</subfield></datafield><datafield tag="300" ind1=" " ind2=" "><subfield code="a">xii, 202 pages :</subfield><subfield code="b">illustrations, map ;</subfield><subfield code="c">23 cm</subfield></datafield><datafield tag="336" ind1=" " ind2=" "><subfield code="a">text</subfield><subfield code="b">txt</subfield><subfield code="2">rdacontent</subfield></datafield><datafield tag="337" ind1=" " ind2=" "><subfield code="a">unmediated</subfield><subfield code="b">n</subfield><subfield code="2">rdamedia</subfield></datafield><datafield tag="338" ind1=" " ind2=" "><subfield code="a">volume</subfield><subfield code="b">nc</subfield><subfield code="2">rdacarrier</subfield></datafield><datafield tag="340" ind1=" " ind2=" "><subfield code="g">monochrome</subfield><subfield code="2">rdacc</subfield></datafield><datafield tag="340" ind1=" " ind2=" "><subfield code="p">illustration</subfield><subfield code="2">rdaill</subfield></datafield><datafield tag="340" ind1=" " ind2=" "><subfield code="p">map</subfield><subfield code="2">rdaill</subfield></datafield><datafield tag="353" ind1=" " ind2=" "><subfield code="a">bibliography</subfield><subfield code="2">msupplcont</subfield><subfield code="0">http://id.loc.gov/vocabulary/msupplcont/bibliography</subfield></datafield><datafield tag="353" ind1=" " ind2=" "><subfield code="a">index</subfield><subfield code="2">msupplcont</subfield><subfield code="0">http://id.loc.gov/vocabulary/msupplcont/index</subfield></datafield><datafield tag="504" ind1=" " ind2=" "><subfield code="a">Includes bibliographical references (pages 169-191) and index.</subfield></datafield><datafield tag="520" ind1=" " ind2=" "><subfield code="a">The Elementary Forms of Corruption is an ethnographic history of rural Brazilians' shifting moral imagination in the context of their country's recent corruption scandals and political crises. The book explores how Brazil's cosmopolitan models of corruption, both left-wing and right-wing varieties, found their way to a small sertanejo (hinterland) municipality in the northeast, where people understood corruption very differently. Reckoning with both the leftist Workers' Party, which sought to liberate sertanejos from patron-client relations, and the New Right populists who sought to stamp out the "communists" threatening the patriarchal family, the people of the sertanejo made recourse to older ideas about corruption--such as the betrayal of kinship obligations and communal trust--to decipher and shape national politics. Challenging the discipline's current aversion to generalizable, analytic categories that are useful for comparison across cultures or historical periods, The Elementary Forms of Corruption posits a general framework for understanding corruption at its most elementary level: the degradation of a moral gradient through the transgressive rechanneling of those currencies (e.g., gifts, favors) that sustain communal bonds when properly directed. -- Back cover.</subfield></datafield><datafield tag="505" ind1="0" ind2=" "><subfield code="a">The politics of fathers -- The politics of friends -- The politics of citizens -- The politics of good citizens.</subfield></datafield><datafield tag="650" ind1=" " ind2="0"><subfield code="a">Political corruption</subfield><subfield code="z">Brazil</subfield><subfield code="z">Piauí (State).</subfield></datafield><datafield tag="650" ind1=" " ind2="0"><subfield code="a">Sociology, Rural</subfield><subfield code="x">Moral and ethical aspects.</subfield></datafield><datafield tag="651" ind1=" " ind2="0"><subfield code="a">Piauí (Brazil : State)</subfield><subfield code="x">Politics and government.</subfield></datafield><datafield tag="650" ind1=" " ind2="6"><subfield code="a">Sociologie rurale</subfield><subfield code="x">Aspect moral.</subfield></datafield><datafield tag="902" ind1=" " ind2=" "><subfield code="a">010002796</subfield><subfield code="w">copy</subfield><subfield code="1">20220101.0</subfield></datafield><datafield tag="910" ind1=" " ind2=" "><subfield code="c">D0703mon</subfield><subfield code="d">3110-10</subfield><subfield code="g">YBP</subfield></datafield><datafield tag="960" ind1=" " ind2=" "><subfield code="o">1</subfield><subfield code="z">USD</subfield></datafield><datafield tag="961" ind1=" " ind2=" "><subfield code="f">JDD</subfield><subfield code="m">311010</subfield><subfield code="n">Paper</subfield></datafield><datafield tag="980" ind1=" " ind2=" "><subfield code="a">22862679</subfield><subfield code="i">30.00</subfield></datafield><datafield tag="982" ind1=" " ind2=" "><subfield code="c">f</subfield></datafield><datafield tag="984" ind1=" " ind2=" "><subfield code="a">20260125</subfield><subfield code="b">160753</subfield><subfield code="c">YBP-US</subfield></datafield><datafield tag="950" ind1=" " ind2=" "><subfield code="c">2026-03-04 20:28:29 US/Eastern</subfield><subfield code="b">2026-01-25 16:40:03 US/Eastern</subfield><subfield code="a">false</subfield></datafield><datafield tag="852" ind1="0" ind2=" "><subfield code="b">firestone</subfield><subfield code="c">stacks</subfield><subfield code="h">JL2429.C6</subfield><subfield code="i">A67 2025</subfield><subfield code="8">221101203480006421</subfield></datafield><datafield tag="952" ind1=" " ind2=" "><subfield code="d">2026-01-25 21:41:35</subfield><subfield code="8">221101203480006421</subfield><subfield code="a">2026-01-25 21:41:34</subfield><subfield code="b">Firestone Library</subfield><subfield code="c">stacks: Firestone Library</subfield><subfield code="e">false</subfield></datafield><datafield tag="876" ind1=" " ind2=" "><subfield code="0">221101203480006421</subfield><subfield code="j">0</subfield><subfield code="x">WORK_ORDER_DEPARTMENT</subfield><subfield code="z">stacks</subfield><subfield code="p">32101121206294</subfield><subfield code="a">231101203470006421</subfield><subfield code="d">2026-01-25 16:41:35 US/Eastern</subfield><subfield code="q">2026-02-19 10:27:52 US/Eastern</subfield><subfield code="y">firestone</subfield></datafield></record>