<record><leader>01688cam a22004697i 4500</leader><controlfield tag="005">20260304203938.0</controlfield><controlfield tag="008">180306s2018    cau           000 p eng d</controlfield><controlfield tag="001">99131729976206421</controlfield><datafield tag="019" ind1=" " ind2=" "><subfield code="a">1027133687</subfield><subfield code="a">1027314326</subfield><subfield code="a">1027634503</subfield></datafield><datafield tag="020" ind1=" " ind2=" "><subfield code="a">9781944700690</subfield></datafield><datafield tag="020" ind1=" " ind2=" "><subfield code="a">1944700692</subfield><subfield code="q">(paperback)</subfield></datafield><datafield tag="035" ind1=" " ind2=" "><subfield code="a">(OCoLC)1026646294</subfield><subfield code="z">(OCoLC)1027133687</subfield><subfield code="z">(OCoLC)1027314326</subfield><subfield code="z">(OCoLC)1027634503</subfield></datafield><datafield tag="035" ind1=" " ind2=" "><subfield code="a">(OCoLC)on1026646294</subfield></datafield><datafield tag="040" ind1=" " ind2=" "><subfield code="a">YDX</subfield><subfield code="b">eng</subfield><subfield code="e">rda</subfield><subfield code="c">YDX</subfield><subfield code="d">OCLCQ</subfield><subfield code="d">YDXIT</subfield><subfield code="d">OCLCO</subfield><subfield code="d">JQW</subfield><subfield code="d">VP@</subfield><subfield code="d">OCLCF</subfield><subfield code="d">OCLCQ</subfield><subfield code="d">OCLCO</subfield></datafield><datafield tag="041" ind1="1" ind2=" "><subfield code="a">eng</subfield><subfield code="a">chi</subfield></datafield><datafield tag="050" ind1=" " ind2="4"><subfield code="a">PL2929.7.U4398</subfield><subfield code="b">A2 2018</subfield></datafield><datafield tag="082" ind1="0" ind2="4"><subfield code="a">895.11/52</subfield><subfield code="2">23</subfield></datafield><datafield tag="100" ind1="1" ind2=" "><subfield code="a">Zhu, Zhu,</subfield><subfield code="d">1969-</subfield><subfield code="e">author.</subfield></datafield><datafield tag="245" ind1="1" ind2="4"><subfield code="a">The wild great wall /</subfield><subfield code="c">Zhi Zhu ; translated from the Chinese by Dong Li.</subfield></datafield><datafield tag="264" ind1=" " ind2="1"><subfield code="a">Los Angeles, CA :</subfield><subfield code="b">Phoneme Media,</subfield><subfield code="c">[2018]</subfield></datafield><datafield tag="264" ind1=" " ind2="4"><subfield code="c">©2018</subfield></datafield><datafield tag="300" ind1=" " ind2=" "><subfield code="a">143 pages ;</subfield><subfield code="c">21 cm</subfield></datafield><datafield tag="336" ind1=" " ind2=" "><subfield code="a">text</subfield><subfield code="b">txt</subfield><subfield code="2">rdacontent</subfield></datafield><datafield tag="337" ind1=" " ind2=" "><subfield code="a">unmediated</subfield><subfield code="b">n</subfield><subfield code="2">rdamedia</subfield></datafield><datafield tag="338" ind1=" " ind2=" "><subfield code="a">volume</subfield><subfield code="b">nc</subfield><subfield code="2">rdacarrier</subfield></datafield><datafield tag="546" ind1=" " ind2=" "><subfield code="a">Poems in Chinese and English. Endmatter in English only.</subfield></datafield><datafield tag="505" ind1="0" ind2=" "><subfield code="a">I (1990-1999) -- II (2000-2005) -- III (2006-2011) -- IV (2012- ).</subfield></datafield><datafield tag="655" ind1=" " ind2="2"><subfield code="a">Poetry</subfield></datafield><datafield tag="655" ind1=" " ind2="7"><subfield code="a">Poetry.</subfield><subfield code="2">fast</subfield><subfield code="0">(OCoLC)fst01423828</subfield></datafield><datafield tag="655" ind1=" " ind2="7"><subfield code="a">Poetry.</subfield><subfield code="2">lcgft</subfield></datafield><datafield tag="655" ind1=" " ind2="7"><subfield code="a">Bilingual materials, Chinese/English.</subfield><subfield code="2">localhcl</subfield></datafield><datafield tag="655" ind1=" " ind2="7"><subfield code="a">Poésie.</subfield><subfield code="2">rvmgf</subfield></datafield><datafield tag="700" ind1="1" ind2=" "><subfield code="a">Li, Dong,</subfield><subfield code="e">translator.</subfield></datafield><datafield tag="700" ind1="1" ind2="2"><subfield code="a">Zhu, Zhu,</subfield><subfield code="d">1969-</subfield><subfield code="t">Poems.</subfield><subfield code="k">Selections.</subfield></datafield><datafield tag="700" ind1="1" ind2="2"><subfield code="a">Zhu, Zhu,</subfield><subfield code="d">1969-</subfield><subfield code="t">Poems.</subfield><subfield code="k">Selections.</subfield><subfield code="l">English.</subfield></datafield><datafield tag="902" ind1=" " ind2=" "><subfield code="a">010002796</subfield><subfield code="w">copy</subfield><subfield code="1">20220101.0</subfield></datafield><datafield tag="910" ind1=" " ind2=" "><subfield code="c">F0501mon</subfield><subfield code="d">3110-10</subfield><subfield code="g">YBP</subfield></datafield><datafield tag="960" ind1=" " ind2=" "><subfield code="o">1</subfield><subfield code="z">USD</subfield></datafield><datafield tag="961" ind1=" " ind2=" "><subfield code="f">MJH</subfield><subfield code="m">311010</subfield><subfield code="n">Paper</subfield></datafield><datafield tag="980" ind1=" " ind2=" "><subfield code="a">15186784</subfield><subfield code="i">16.00</subfield></datafield><datafield tag="982" ind1=" " ind2=" "><subfield code="c">gest</subfield></datafield><datafield tag="984" ind1=" " ind2=" "><subfield code="a">20260113</subfield><subfield code="b">080327</subfield><subfield code="c">YBP-US</subfield></datafield><datafield tag="950" ind1=" " ind2=" "><subfield code="c">2026-03-04 20:39:38 US/Eastern</subfield><subfield code="b">2026-01-13 08:39:57 US/Eastern</subfield><subfield code="a">false</subfield></datafield><datafield tag="852" ind1="0" ind2=" "><subfield code="b">eastasian</subfield><subfield code="c">gest</subfield><subfield code="h">PL2929.7.U4398</subfield><subfield code="i">A2 2018</subfield><subfield code="8">221100178740006421</subfield></datafield><datafield tag="952" ind1=" " ind2=" "><subfield code="d">2026-01-13 13:40:35</subfield><subfield code="8">221100178740006421</subfield><subfield code="a">2026-01-13 13:40:35</subfield><subfield code="b">East Asian Library</subfield><subfield code="c">gest: East Asian Library Western Lang</subfield><subfield code="e">false</subfield></datafield><datafield tag="876" ind1=" " ind2=" "><subfield code="0">221100178740006421</subfield><subfield code="j">0</subfield><subfield code="x">WORK_ORDER_DEPARTMENT</subfield><subfield code="z">gest</subfield><subfield code="p">32101121206278</subfield><subfield code="a">231100178730006421</subfield><subfield code="d">2026-01-13 08:40:35 US/Eastern</subfield><subfield code="q">2026-02-19 10:54:20 US/Eastern</subfield><subfield code="y">eastasian</subfield></datafield></record>