<record><leader>03949cas a2200745 a 4500</leader><controlfield tag="005">20240819093537.0</controlfield><controlfield tag="008">910325c19889999cc mr p       0   e0chi d</controlfield><controlfield tag="001">9931086753506421</controlfield><datafield tag="010" ind1=" " ind2=" "><subfield code="a">   92645138 /ACN/V</subfield></datafield><datafield tag="022" ind1=" " ind2=" "><subfield code="a">1003-8159</subfield></datafield><datafield tag="035" ind1=" " ind2=" "><subfield code="a">(CStRLIN)NJPX91-S131</subfield></datafield><datafield tag="035" ind1=" " ind2=" "><subfield code="a">(NjP)3108675-princetondb</subfield></datafield><datafield tag="035" ind1=" " ind2=" "><subfield code="a">(OCoLC)ocm23921754</subfield></datafield><datafield tag="035" ind1=" " ind2=" "><subfield code="z">(NjP)Voyager3108675</subfield></datafield><datafield tag="040" ind1=" " ind2=" "><subfield code="a">NNC</subfield><subfield code="b">eng</subfield><subfield code="c">NNC</subfield><subfield code="d">MiU</subfield><subfield code="d">NjP-G</subfield><subfield code="d">CStRLIN</subfield><subfield code="d">NjP-G</subfield></datafield><datafield tag="043" ind1=" " ind2=" "><subfield code="a">a-cc---</subfield></datafield><datafield tag="050" ind1="0" ind2=" "><subfield code="a">DS793.S8</subfield><subfield code="b">S6929</subfield></datafield><datafield tag="066" ind1=" " ind2=" "><subfield code="c">$1</subfield></datafield><datafield tag="082" ind1="0" ind2="0"><subfield code="a">951/.004</subfield><subfield code="2">20</subfield></datafield><datafield tag="090" ind1=" " ind2=" "><subfield code="a">DS730</subfield><subfield code="b">.M5622 no.21-</subfield><subfield code="i">11/30/04 T</subfield><subfield code="h">09/27/01 T</subfield><subfield code="h">05/18/00 T</subfield><subfield code="h">04/20/99 T</subfield><subfield code="h">11/24/97 T</subfield><subfield code="h">09/10/96 T</subfield><subfield code="h">03/07/96 T</subfield><subfield code="h">02/07/96 T</subfield><subfield code="h">06/13/95 T</subfield><subfield code="h">05/22/91 T</subfield></datafield><datafield tag="130" ind1="0" ind2=" "><subfield code="6">880-01</subfield><subfield code="a">Min zu (Chengdu Shi, China)</subfield></datafield><datafield tag="880" ind1="0" ind2=" "><subfield code="6">130-01/$1</subfield><subfield code="a">民族 (Chengdu Shi, China)</subfield></datafield><datafield tag="245" ind1="1" ind2="0"><subfield code="6">880-02</subfield><subfield code="a">Min zu =</subfield><subfield code="b">National minorities.</subfield></datafield><datafield tag="880" ind1="1" ind2="0"><subfield code="6">245-02/$1</subfield><subfield code="a">民族　=</subfield><subfield code="b">National minorities.</subfield></datafield><datafield tag="246" ind1="3" ind2="1"><subfield code="a">National minorities</subfield></datafield><datafield tag="246" ind1="1" ind2="3"><subfield code="a">Nationalminorities</subfield><subfield code="f">1991</subfield></datafield><datafield tag="246" ind1="1" ind2="3"><subfield code="a">Mingzu</subfield><subfield code="f">1991.1-4</subfield></datafield><datafield tag="246" ind1="1" ind2="3"><subfield code="a">Minzu</subfield><subfield code="f">1991.5-1992</subfield></datafield><datafield tag="246" ind1="1" ind2="3"><subfield code="6">880-03</subfield><subfield code="a">Zhongguo min zu za zhi</subfield><subfield code="f">1991</subfield></datafield><datafield tag="880" ind1="1" ind2="3"><subfield code="6">246-03/$1</subfield><subfield code="a">中国民族杂志</subfield><subfield code="f">1991</subfield></datafield><datafield tag="246" ind1="1" ind2="3"><subfield code="6">880-04</subfield><subfield code="a">Min zu za zhi yue kan</subfield><subfield code="f">1992</subfield></datafield><datafield tag="880" ind1="1" ind2="3"><subfield code="6">246-04/$1</subfield><subfield code="a">民族杂志月刊</subfield><subfield code="f">1992</subfield></datafield><datafield tag="260" ind1=" " ind2=" "><subfield code="6">880-05</subfield><subfield code="a">Chengdu Shi :</subfield><subfield code="b">Sichuan min zu chu ban she,</subfield><subfield code="c">1988-</subfield></datafield><datafield tag="880" ind1=" " ind2=" "><subfield code="6">260-05/$1</subfield><subfield code="a">成都市　:</subfield><subfield code="b">四川民族出版社,</subfield><subfield code="c">1988-</subfield></datafield><datafield tag="300" ind1=" " ind2=" "><subfield code="a">v. :</subfield><subfield code="b">ill. ;</subfield><subfield code="c">26 cm.</subfield></datafield><datafield tag="310" ind1=" " ind2=" "><subfield code="a">Monthly,</subfield><subfield code="b">1989-</subfield></datafield><datafield tag="321" ind1=" " ind2=" "><subfield code="a">Bimonthly,</subfield><subfield code="b">1988</subfield></datafield><datafield tag="362" ind1="0" ind2=" "><subfield code="6">880-06</subfield><subfield code="a">1988, 1- = zong di 21 qi-</subfield></datafield><datafield tag="880" ind1="0" ind2=" "><subfield code="6">362-06/$1</subfield><subfield code="a">1988, 1- = 总第21期-</subfield></datafield><datafield tag="500" ind1=" " ind2=" "><subfield code="a">Title from cover.</subfield></datafield><datafield tag="500" ind1=" " ind2=" "><subfield code="a">Masthead title also in Yi language and Tibetan.</subfield></datafield><datafield tag="500" ind1=" " ind2=" "><subfield code="6">880-07</subfield><subfield code="a">Published by: Min zu za zhi she, 1989-</subfield></datafield><datafield tag="880" ind1=" " ind2=" "><subfield code="6">500-07/$1</subfield><subfield code="a">Published by: 民族杂志社, 1989-</subfield></datafield><datafield tag="550" ind1=" " ind2=" "><subfield code="6">880-08</subfield><subfield code="a">Sponsored by: Zhong gong Sichuan Sheng wei min zu gong zuo wei yuan hui, and: Sichuan Sheng min zu shi wu wei yuan hui.</subfield></datafield><datafield tag="880" ind1=" " ind2=" "><subfield code="6">550-08/$1</subfield><subfield code="a">Sponsored by: 中共四川省委民族工作委员会, and: 四川省民族事物委员会.</subfield></datafield><datafield tag="580" ind1=" " ind2=" "><subfield code="a">Issued also in Tibetan and Yi language.</subfield></datafield><datafield tag="650" ind1=" " ind2="0"><subfield code="a">Ethnology</subfield><subfield code="z">China</subfield><subfield code="v">Periodicals.</subfield><subfield code="0">http://id.loc.gov/authorities/subjects/sh2008119903</subfield></datafield><datafield tag="651" ind1=" " ind2="0"><subfield code="a">China</subfield><subfield code="x">Ethnic relations</subfield><subfield code="v">Periodicals.</subfield></datafield><datafield tag="655" ind1=" " ind2="7"><subfield code="a">Periodicals.</subfield><subfield code="2">lcgft</subfield><subfield code="0">http://id.loc.gov/authorities/genreForms/gf2014026139</subfield></datafield><datafield tag="710" ind1="2" ind2=" "><subfield code="6">880-09</subfield><subfield code="a">Zhong gong Sichuan Sheng wei.</subfield><subfield code="b">Min zu gong zuo wei yuan hui.</subfield><subfield code="0">http://id.loc.gov/authorities/names/no90024514</subfield></datafield><datafield tag="880" ind1="2" ind2=" "><subfield code="6">710-09/$1</subfield><subfield code="a">中共四川省委.</subfield><subfield code="b">民族工作委员会.</subfield></datafield><datafield tag="710" ind1="2" ind2=" "><subfield code="6">880-10</subfield><subfield code="a">Sichuan Sheng min zu shi wu wei yuan hui.</subfield><subfield code="0">http://id.loc.gov/authorities/names/no90024515</subfield></datafield><datafield tag="880" ind1="2" ind2=" "><subfield code="6">710-10/$1</subfield><subfield code="a">四川省民族事物委员会.</subfield></datafield><datafield tag="780" ind1="0" ind2="0"><subfield code="6">880-11</subfield><subfield code="t">Sichuan min zu</subfield></datafield><datafield tag="880" ind1="0" ind2="0"><subfield code="6">780-11/$1</subfield><subfield code="t">四川民族</subfield></datafield><datafield tag="914" ind1=" " ind2=" "><subfield code="a">(OCoLC)ocm23921754</subfield><subfield code="b">OCoLC</subfield><subfield code="c">field transfer</subfield><subfield code="d">20221117</subfield><subfield code="e">processed</subfield><subfield code="f">23921754</subfield></datafield><datafield tag="950" ind1=" " ind2=" "><subfield code="l">C</subfield><subfield code="v">No.21 (1988)-146 (1998)</subfield><subfield code="n">#9</subfield><subfield code="n">#50</subfield><subfield code="p">2</subfield></datafield><datafield tag="955" ind1=" " ind2=" "><subfield code="l">C</subfield><subfield code="c">1:(no.21-38 1988-1989)</subfield><subfield code="h">03/07/96 C</subfield></datafield><datafield tag="955" ind1=" " ind2=" "><subfield code="l">C</subfield><subfield code="c">1:(no.39-50 1990)</subfield><subfield code="h">03/07/96 C</subfield></datafield><datafield tag="955" ind1=" " ind2=" "><subfield code="l">C</subfield><subfield code="c">1:(no.51-62 1991)</subfield><subfield code="h">03/07/96 C</subfield></datafield><datafield tag="955" ind1=" " ind2=" "><subfield code="l">C</subfield><subfield code="c">1:(no.63-74 1992)</subfield><subfield code="h">03/07/96 C</subfield></datafield><datafield tag="955" ind1=" " ind2=" "><subfield code="l">C</subfield><subfield code="c">1:(no.99-110 1995)</subfield><subfield code="r">32101026534014</subfield><subfield code="h">09/10/96 C</subfield></datafield><datafield tag="955" ind1=" " ind2=" "><subfield code="l">C</subfield><subfield code="c">1:(no.111-122 1996)</subfield><subfield code="r">32101033214535</subfield><subfield code="h">11/24/97 C</subfield></datafield><datafield tag="987" ind1=" " ind2=" "><subfield code="a">PINYIN</subfield><subfield code="b">NjP-G</subfield><subfield code="c">20010927</subfield><subfield code="d">c</subfield></datafield><datafield tag="998" ind1=" " ind2=" "><subfield code="a">11/30/04</subfield><subfield code="t">c</subfield><subfield code="s">9114</subfield><subfield code="n">NjP-G</subfield><subfield code="w">DCLC92645138S</subfield><subfield code="d">05/18/00</subfield><subfield code="c">FSW</subfield><subfield code="b">CSW</subfield><subfield code="i">041130</subfield><subfield code="h">010927</subfield><subfield code="h">000518</subfield><subfield code="h">990420</subfield><subfield code="h">971124</subfield><subfield code="h">960910</subfield><subfield code="h">960307</subfield><subfield code="h">960207</subfield><subfield code="h">950613</subfield><subfield code="h">910522</subfield><subfield code="l">NJPX</subfield></datafield><datafield tag="950" ind1=" " ind2=" "><subfield code="c">2026-02-27 04:36:03 US/Eastern</subfield><subfield code="b">2021-07-12 08:35:55 US/Eastern</subfield><subfield code="a">false</subfield></datafield><datafield tag="852" ind1="0" ind2=" "><subfield code="b">eastasian</subfield><subfield code="c">cjk</subfield><subfield code="h">DS730</subfield><subfield code="i">.M5622</subfield><subfield code="8">22482359090006421</subfield></datafield><datafield tag="866" ind1=" " ind2="0"><subfield code="a">No. 231 (2006)-no. 386 (2018); 2019 no. 1-2024 no. 12</subfield><subfield code="8">22482359090006421</subfield></datafield><datafield tag="866" ind1=" " ind2="0"><subfield code="z">CURRENT ISSUES IN: East Asian Library (Gest)</subfield><subfield code="8">22482359090006421</subfield></datafield><datafield tag="952" ind1=" " ind2=" "><subfield code="d">2026-01-13 18:57:57</subfield><subfield code="8">22482359090006421</subfield><subfield code="a">2021-07-12 12:35:55</subfield><subfield code="b">East Asian Library</subfield><subfield code="c">cjk: East Asian Library</subfield><subfield code="e">false</subfield></datafield><datafield tag="852" ind1="0" ind2=" "><subfield code="b">recap</subfield><subfield code="c">pa</subfield><subfield code="h">DS730</subfield><subfield code="i">.M5622</subfield><subfield code="8">22482359320006421</subfield></datafield><datafield tag="866" ind1=" " ind2="0"><subfield code="a">No. 21 (1988)-no. 266 (2008)</subfield><subfield code="8">22482359320006421</subfield></datafield><datafield tag="952" ind1=" " ind2=" "><subfield code="d">2024-05-17 18:20:56</subfield><subfield code="8">22482359320006421</subfield><subfield code="a">2021-07-12 12:35:55</subfield><subfield code="b">ReCAP</subfield><subfield code="c">rcppa: RECAP</subfield><subfield code="e">false</subfield></datafield><datafield tag="876" ind1=" " ind2=" "><subfield code="0">22482359090006421</subfield><subfield code="j">1</subfield><subfield code="z">cjk</subfield><subfield code="a">231095446690006421</subfield><subfield code="3">2025, no. 1 </subfield><subfield code="d">2025-12-12 10:14:21 US/Eastern</subfield><subfield code="q">2025-12-12 10:14:39 US/Eastern</subfield><subfield code="y">eastasian</subfield></datafield><datafield tag="876" ind1=" " ind2=" "><subfield code="0">22482359090006421</subfield><subfield code="j">1</subfield><subfield code="z">cjk</subfield><subfield code="p">32101113926644</subfield><subfield code="a">23993652710006421</subfield><subfield code="3">2022 no. 7-12 </subfield><subfield code="d">2023-10-06 10:30:54 US/Eastern</subfield><subfield code="q">2023-10-06 10:31:05 US/Eastern</subfield><subfield code="y">eastasian</subfield></datafield><datafield tag="876" ind1=" " ind2=" "><subfield code="0">22482359090006421</subfield><subfield code="j">1</subfield><subfield code="z">cjk</subfield><subfield code="p">32101113926651</subfield><subfield code="a">23993652730006421</subfield><subfield code="3">2022 no. 1-6 </subfield><subfield code="d">2023-10-06 10:29:55 US/Eastern</subfield><subfield code="q">2023-10-06 10:33:19 US/Eastern</subfield><subfield code="y">eastasian</subfield></datafield><datafield tag="876" ind1=" " ind2=" "><subfield code="0">22482359090006421</subfield><subfield code="j">1</subfield><subfield code="z">cjk</subfield><subfield code="p">32101113926669</subfield><subfield code="a">23993652740006421</subfield><subfield code="3">2021 no. 7-12 </subfield><subfield code="d">2023-10-06 10:29:17 US/Eastern</subfield><subfield code="q">2023-10-06 10:29:28 US/Eastern</subfield><subfield code="y">eastasian</subfield></datafield><datafield tag="876" ind1=" " ind2=" "><subfield code="0">22482359320006421</subfield><subfield code="j">1</subfield><subfield code="z">pa</subfield><subfield code="p">32101075957207</subfield><subfield code="t">1</subfield><subfield code="a">23482359180006421</subfield><subfield code="3">no.255-266 2008</subfield><subfield code="d">2010-06-09 20:00:00 US/Eastern</subfield><subfield code="q">2010-06-10 06:59:00 US/Eastern</subfield><subfield code="y">recap</subfield></datafield><datafield tag="876" ind1=" " ind2=" "><subfield code="0">22482359320006421</subfield><subfield code="j">1</subfield><subfield code="z">pa</subfield><subfield code="p">32101081131433</subfield><subfield code="t">1</subfield><subfield code="a">23482359170006421</subfield><subfield code="3">no.111-122 1996</subfield><subfield code="d">2011-10-27 20:00:00 US/Eastern</subfield><subfield code="q">2011-10-28 06:59:00 US/Eastern</subfield><subfield code="y">recap</subfield></datafield><datafield tag="876" ind1=" " ind2=" "><subfield code="0">22482359090006421</subfield><subfield code="j">1</subfield><subfield code="z">cjk</subfield><subfield code="p">32101105703514</subfield><subfield code="t">1</subfield><subfield code="a">23482358630006421</subfield><subfield code="3">no.383-386 2018</subfield><subfield code="d">2019-04-03 20:00:00 US/Eastern</subfield><subfield code="q">2019-04-04 06:59:00 US/Eastern</subfield><subfield code="y">eastasian</subfield></datafield><datafield tag="876" ind1=" " ind2=" "><subfield code="0">22482359090006421</subfield><subfield code="j">1</subfield><subfield code="z">cjk</subfield><subfield code="p">32101105703449</subfield><subfield code="t">1</subfield><subfield code="a">23482358640006421</subfield><subfield code="3">no.379-382 2018</subfield><subfield code="d">2019-04-03 20:00:00 US/Eastern</subfield><subfield code="q">2019-04-04 06:59:00 US/Eastern</subfield><subfield code="y">eastasian</subfield></datafield><datafield tag="876" ind1=" " ind2=" "><subfield code="0">22482359090006421</subfield><subfield code="j">1</subfield><subfield code="z">cjk</subfield><subfield code="p">32101105703456</subfield><subfield code="t">1</subfield><subfield code="a">23482358650006421</subfield><subfield code="3">no.375-378 2018</subfield><subfield code="d">2019-04-03 20:00:00 US/Eastern</subfield><subfield code="q">2019-04-04 06:59:00 US/Eastern</subfield><subfield code="y">eastasian</subfield></datafield><datafield tag="876" ind1=" " ind2=" "><subfield code="0">22482359090006421</subfield><subfield code="j">1</subfield><subfield code="z">cjk</subfield><subfield code="p">32101105703464</subfield><subfield code="t">1</subfield><subfield code="a">23482358660006421</subfield><subfield code="3">no.371-374 2017</subfield><subfield code="d">2019-04-03 20:00:00 US/Eastern</subfield><subfield code="q">2019-04-04 06:59:00 US/Eastern</subfield><subfield code="y">eastasian</subfield></datafield><datafield tag="876" ind1=" " ind2=" "><subfield code="0">22482359320006421</subfield><subfield code="j">1</subfield><subfield code="z">pa</subfield><subfield code="p">32101081131466</subfield><subfield code="t">1</subfield><subfield code="a">23482359160006421</subfield><subfield code="3">no.147-158 1999</subfield><subfield code="d">2001-01-07 19:00:00 US/Eastern</subfield><subfield code="q">2001-01-08 05:59:00 US/Eastern</subfield><subfield code="y">recap</subfield></datafield><datafield tag="876" ind1=" " ind2=" "><subfield code="0">22482359090006421</subfield><subfield code="j">1</subfield><subfield code="z">cjk</subfield><subfield code="p">32101078975958</subfield><subfield code="t">1</subfield><subfield code="a">23482358800006421</subfield><subfield code="3">no.267-278 2009</subfield><subfield code="d">2010-10-11 20:00:00 US/Eastern</subfield><subfield code="q">2010-10-12 06:59:00 US/Eastern</subfield><subfield code="y">eastasian</subfield></datafield><datafield tag="876" ind1=" " ind2=" "><subfield code="0">22482359320006421</subfield><subfield code="j">1</subfield><subfield code="z">pa</subfield><subfield code="p">32101075348100</subfield><subfield code="t">1</subfield><subfield code="a">23482359190006421</subfield><subfield code="3">no.243-254 2007</subfield><subfield code="d">2010-03-15 20:00:00 US/Eastern</subfield><subfield code="q">2010-03-16 06:59:00 US/Eastern</subfield><subfield code="y">recap</subfield></datafield><datafield tag="876" ind1=" " ind2=" "><subfield code="0">22482359320006421</subfield><subfield code="j">1</subfield><subfield code="z">pa</subfield><subfield code="p">32101081131441</subfield><subfield code="t">1</subfield><subfield code="a">23482359150006421</subfield><subfield code="3">no.123-134 1997</subfield><subfield code="d">2001-02-26 19:00:00 US/Eastern</subfield><subfield code="q">2001-02-27 05:59:00 US/Eastern</subfield><subfield code="y">recap</subfield></datafield><datafield tag="876" ind1=" " ind2=" "><subfield code="0">22482359090006421</subfield><subfield code="j">1</subfield><subfield code="z">cjk</subfield><subfield code="p">32101105703522</subfield><subfield code="t">1</subfield><subfield code="a">23482358620006421</subfield><subfield code="3">no.351-354 2016</subfield><subfield code="d">2019-04-03 20:00:00 US/Eastern</subfield><subfield code="q">2019-04-04 06:59:00 US/Eastern</subfield><subfield code="y">eastasian</subfield></datafield><datafield tag="876" ind1=" " ind2=" "><subfield code="0">22482359090006421</subfield><subfield code="j">1</subfield><subfield code="z">cjk</subfield><subfield code="p">32101105703498</subfield><subfield code="t">1</subfield><subfield code="a">23482358690006421</subfield><subfield code="3">no.359-362 2016</subfield><subfield code="d">2019-04-03 20:00:00 US/Eastern</subfield><subfield code="q">2019-04-04 06:59:00 US/Eastern</subfield><subfield code="y">eastasian</subfield></datafield><datafield tag="876" ind1=" " ind2=" "><subfield code="0">22482359090006421</subfield><subfield code="j">1</subfield><subfield code="z">cjk</subfield><subfield code="p">32101105703472</subfield><subfield code="t">1</subfield><subfield code="a">23482358670006421</subfield><subfield code="3">no.367-370 2017</subfield><subfield code="d">2019-04-03 20:00:00 US/Eastern</subfield><subfield code="q">2019-04-04 06:59:00 US/Eastern</subfield><subfield code="y">eastasian</subfield></datafield><datafield tag="876" ind1=" " ind2=" "><subfield code="0">22482359090006421</subfield><subfield code="j">1</subfield><subfield code="z">cjk</subfield><subfield code="p">32101105703480</subfield><subfield code="t">1</subfield><subfield code="a">23482358680006421</subfield><subfield code="3">no.363-366 2017</subfield><subfield code="d">2019-04-03 20:00:00 US/Eastern</subfield><subfield code="q">2019-04-04 06:59:00 US/Eastern</subfield><subfield code="y">eastasian</subfield></datafield><datafield tag="876" ind1=" " ind2=" "><subfield code="0">22482359320006421</subfield><subfield code="j">1</subfield><subfield code="z">pa</subfield><subfield code="p">32101048728784</subfield><subfield code="t">1</subfield><subfield code="a">23482359130006421</subfield><subfield code="3">no.171-182 2001</subfield><subfield code="d">2003-04-06 20:00:00 US/Eastern</subfield><subfield code="q">2003-04-07 06:59:00 US/Eastern</subfield><subfield code="y">recap</subfield></datafield><datafield tag="876" ind1=" " ind2=" "><subfield code="0">22482359090006421</subfield><subfield code="j">1</subfield><subfield code="z">cjk</subfield><subfield code="p">32101115423582</subfield><subfield code="a">231013308250006421</subfield><subfield code="3">2023 no. 7-12 </subfield><subfield code="d">2024-03-12 17:17:51 US/Eastern</subfield><subfield code="q">2024-07-31 11:22:45 US/Eastern</subfield><subfield code="y">eastasian</subfield></datafield><datafield tag="876" ind1=" " ind2=" "><subfield code="0">22482359320006421</subfield><subfield code="j">1</subfield><subfield code="z">pa</subfield><subfield code="p">32101056665274</subfield><subfield code="t">1</subfield><subfield code="a">23482359110006421</subfield><subfield code="3">no.195-206 2003</subfield><subfield code="d">2004-10-03 20:00:00 US/Eastern</subfield><subfield code="q">2004-10-04 06:59:00 US/Eastern</subfield><subfield code="y">recap</subfield></datafield><datafield tag="876" ind1=" " ind2=" "><subfield code="0">22482359320006421</subfield><subfield code="j">1</subfield><subfield code="z">pa</subfield><subfield code="p">32101081131474</subfield><subfield code="t">1</subfield><subfield code="a">23482359310006421</subfield><subfield code="3">no.159-170 2000</subfield><subfield code="d">2001-11-04 19:00:00 US/Eastern</subfield><subfield code="q">2001-11-05 05:59:00 US/Eastern</subfield><subfield code="y">recap</subfield></datafield><datafield tag="876" ind1=" " ind2=" "><subfield code="0">22482359090006421</subfield><subfield code="j">1</subfield><subfield code="z">cjk</subfield><subfield code="p">32101110382536</subfield><subfield code="a">23919937730006421</subfield><subfield code="3">2020 no. 1-6 </subfield><subfield code="d">2022-03-18 11:38:00 US/Eastern</subfield><subfield code="q">2022-03-18 11:38:13 US/Eastern</subfield><subfield code="y">eastasian</subfield></datafield><datafield tag="876" ind1=" " ind2=" "><subfield code="0">22482359320006421</subfield><subfield code="j">1</subfield><subfield code="z">pa</subfield><subfield code="p">32101060514062</subfield><subfield code="t">1</subfield><subfield code="a">23482359220006421</subfield><subfield code="3">no.219-230 2005</subfield><subfield code="d">2007-02-26 19:00:00 US/Eastern</subfield><subfield code="q">2007-02-27 05:59:00 US/Eastern</subfield><subfield code="y">recap</subfield></datafield><datafield tag="876" ind1=" " ind2=" "><subfield code="0">22482359320006421</subfield><subfield code="j">1</subfield><subfield code="z">pa</subfield><subfield code="p">32101056645201</subfield><subfield code="t">1</subfield><subfield code="a">23482359240006421</subfield><subfield code="3">no.99-110 1995</subfield><subfield code="d">2004-11-30 19:00:00 US/Eastern</subfield><subfield code="q">2004-12-01 05:59:00 US/Eastern</subfield><subfield code="y">recap</subfield></datafield><datafield tag="876" ind1=" " ind2=" "><subfield code="0">22482359320006421</subfield><subfield code="j">1</subfield><subfield code="z">pa</subfield><subfield code="p">32101056645169</subfield><subfield code="t">1</subfield><subfield code="a">23482359280006421</subfield><subfield code="3">no.51-62 1991</subfield><subfield code="d">2004-11-30 19:00:00 US/Eastern</subfield><subfield code="q">2004-12-01 05:59:00 US/Eastern</subfield><subfield code="y">recap</subfield></datafield><datafield tag="876" ind1=" " ind2=" "><subfield code="0">22482359320006421</subfield><subfield code="j">1</subfield><subfield code="z">pa</subfield><subfield code="p">32101056645177</subfield><subfield code="t">1</subfield><subfield code="a">23482359270006421</subfield><subfield code="3">no.63-74 1992</subfield><subfield code="d">2004-11-30 19:00:00 US/Eastern</subfield><subfield code="q">2004-12-01 05:59:00 US/Eastern</subfield><subfield code="y">recap</subfield></datafield><datafield tag="876" ind1=" " ind2=" "><subfield code="0">22482359320006421</subfield><subfield code="j">1</subfield><subfield code="z">pa</subfield><subfield code="p">32101056645151</subfield><subfield code="t">1</subfield><subfield code="a">23482359290006421</subfield><subfield code="3">no.39-50 1990</subfield><subfield code="d">2004-11-30 19:00:00 US/Eastern</subfield><subfield code="q">2004-12-01 05:59:00 US/Eastern</subfield><subfield code="y">recap</subfield></datafield><datafield tag="876" ind1=" " ind2=" "><subfield code="0">22482359090006421</subfield><subfield code="j">1</subfield><subfield code="z">cjk</subfield><subfield code="p">32101081186247</subfield><subfield code="t">1</subfield><subfield code="a">23482358730006421</subfield><subfield code="3">no.323-326 2013</subfield><subfield code="d">2014-09-16 20:00:00 US/Eastern</subfield><subfield code="q">2014-09-17 06:59:00 US/Eastern</subfield><subfield code="y">eastasian</subfield></datafield><datafield tag="876" ind1=" " ind2=" "><subfield code="0">22482359320006421</subfield><subfield code="j">1</subfield><subfield code="z">pa</subfield><subfield code="p">32101056645185</subfield><subfield code="t">1</subfield><subfield code="a">23482359260006421</subfield><subfield code="3">no.75-86 1993</subfield><subfield code="d">2004-11-30 19:00:00 US/Eastern</subfield><subfield code="q">2004-12-01 05:59:00 US/Eastern</subfield><subfield code="y">recap</subfield></datafield><datafield tag="876" ind1=" " ind2=" "><subfield code="0">22482359090006421</subfield><subfield code="j">1</subfield><subfield code="z">cjk</subfield><subfield code="p">32101110382551</subfield><subfield code="a">23919937760006421</subfield><subfield code="3">2019 no. 1-6 </subfield><subfield code="d">2022-03-18 11:35:48 US/Eastern</subfield><subfield code="q">2022-03-18 11:36:09 US/Eastern</subfield><subfield code="y">eastasian</subfield></datafield><datafield tag="876" ind1=" " ind2=" "><subfield code="0">22482359090006421</subfield><subfield code="j">1</subfield><subfield code="z">cjk</subfield><subfield code="p">32101095218390</subfield><subfield code="t">1</subfield><subfield code="a">23482358770006421</subfield><subfield code="3">no.345-350 2015</subfield><subfield code="d">2017-01-22 19:00:00 US/Eastern</subfield><subfield code="q">2017-01-23 05:59:00 US/Eastern</subfield><subfield code="y">eastasian</subfield></datafield><datafield tag="876" ind1=" " ind2=" "><subfield code="0">22482359090006421</subfield><subfield code="j">1</subfield><subfield code="z">cjk</subfield><subfield code="p">32101095368948</subfield><subfield code="t">1</subfield><subfield code="a">23482358710006421</subfield><subfield code="3">no.339-344 2015</subfield><subfield code="d">2016-05-16 20:00:00 US/Eastern</subfield><subfield code="q">2016-05-17 06:59:00 US/Eastern</subfield><subfield code="y">eastasian</subfield></datafield><datafield tag="876" ind1=" " ind2=" "><subfield code="0">22482359090006421</subfield><subfield code="j">1</subfield><subfield code="z">cjk</subfield><subfield code="p">32101093173191</subfield><subfield code="t">1</subfield><subfield code="a">23482358750006421</subfield><subfield code="3">no.303-314 2012</subfield><subfield code="d">2013-11-13 19:00:00 US/Eastern</subfield><subfield code="q">2013-11-14 05:59:00 US/Eastern</subfield><subfield code="y">eastasian</subfield></datafield><datafield tag="876" ind1=" " ind2=" "><subfield code="0">22482359090006421</subfield><subfield code="j">1</subfield><subfield code="z">cjk</subfield><subfield code="p">32101081426817</subfield><subfield code="t">1</subfield><subfield code="a">23482358780006421</subfield><subfield code="3">no.333-338 2014</subfield><subfield code="d">2015-06-21 20:00:00 US/Eastern</subfield><subfield code="q">2015-06-22 06:59:00 US/Eastern</subfield><subfield code="y">eastasian</subfield></datafield><datafield tag="876" ind1=" " ind2=" "><subfield code="0">22482359090006421</subfield><subfield code="j">1</subfield><subfield code="z">cjk</subfield><subfield code="p">32101093206348</subfield><subfield code="t">1</subfield><subfield code="a">23482358790006421</subfield><subfield code="3">no.291-302 2011</subfield><subfield code="d">2013-10-13 20:00:00 US/Eastern</subfield><subfield code="q">2013-10-14 06:59:00 US/Eastern</subfield><subfield code="y">eastasian</subfield></datafield><datafield tag="876" ind1=" " ind2=" "><subfield code="0">22482359090006421</subfield><subfield code="j">1</subfield><subfield code="z">cjk</subfield><subfield code="p">32101081423988</subfield><subfield code="t">1</subfield><subfield code="a">23482358720006421</subfield><subfield code="3">no.327-332 2014</subfield><subfield code="d">2015-05-07 20:00:00 US/Eastern</subfield><subfield code="q">2015-05-08 06:59:00 US/Eastern</subfield><subfield code="y">eastasian</subfield></datafield><datafield tag="876" ind1=" " ind2=" "><subfield code="0">22482359090006421</subfield><subfield code="j">1</subfield><subfield code="z">cjk</subfield><subfield code="p">32101081186296</subfield><subfield code="t">1</subfield><subfield code="a">23482358740006421</subfield><subfield code="3">no.315-322 2013</subfield><subfield code="d">2014-09-16 20:00:00 US/Eastern</subfield><subfield code="q">2014-09-17 06:59:00 US/Eastern</subfield><subfield code="y">eastasian</subfield></datafield><datafield tag="876" ind1=" " ind2=" "><subfield code="0">22482359090006421</subfield><subfield code="j">1</subfield><subfield code="z">cjk</subfield><subfield code="p">32101082959253</subfield><subfield code="t">1</subfield><subfield code="a">23482358760006421</subfield><subfield code="3">no.279-290 2010</subfield><subfield code="d">2013-01-21 19:00:00 US/Eastern</subfield><subfield code="q">2013-01-22 05:59:00 US/Eastern</subfield><subfield code="y">eastasian</subfield></datafield><datafield tag="876" ind1=" " ind2=" "><subfield code="0">22482359090006421</subfield><subfield code="j">1</subfield><subfield code="z">cjk</subfield><subfield code="p">32101105703506</subfield><subfield code="t">1</subfield><subfield code="a">23482358700006421</subfield><subfield code="3">no.355-358 2016</subfield><subfield code="d">2019-04-03 20:00:00 US/Eastern</subfield><subfield code="q">2019-04-04 06:59:00 US/Eastern</subfield><subfield code="y">eastasian</subfield></datafield><datafield tag="876" ind1=" " ind2=" "><subfield code="0">22482359090006421</subfield><subfield code="j">1</subfield><subfield code="z">cjk</subfield><subfield code="p">32101115429043</subfield><subfield code="a">231038006500006421</subfield><subfield code="3">2024 no. 1-6 </subfield><subfield code="d">2024-12-17 12:57:26 US/Eastern</subfield><subfield code="q">2024-12-17 12:57:36 US/Eastern</subfield><subfield code="y">eastasian</subfield></datafield><datafield tag="876" ind1=" " ind2=" "><subfield code="0">22482359320006421</subfield><subfield code="j">1</subfield><subfield code="z">pa</subfield><subfield code="p">32101048736225</subfield><subfield code="t">1</subfield><subfield code="a">23482359120006421</subfield><subfield code="3">no.183-194 2002</subfield><subfield code="d">2003-06-30 20:00:00 US/Eastern</subfield><subfield code="q">2003-07-01 06:59:00 US/Eastern</subfield><subfield code="y">recap</subfield></datafield><datafield tag="876" ind1=" " ind2=" "><subfield code="0">22482359090006421</subfield><subfield code="j">1</subfield><subfield code="z">cjk</subfield><subfield code="p">32101115481895</subfield><subfield code="a">231002399670006421</subfield><subfield code="3">2023 no. 1-6 </subfield><subfield code="d">2023-11-29 12:30:12 US/Eastern</subfield><subfield code="q">2024-02-08 13:06:57 US/Eastern</subfield><subfield code="y">eastasian</subfield></datafield><datafield tag="876" ind1=" " ind2=" "><subfield code="0">22482359320006421</subfield><subfield code="j">1</subfield><subfield code="z">pa</subfield><subfield code="p">32101066003946</subfield><subfield code="t">1</subfield><subfield code="a">23482359100006421</subfield><subfield code="3">no.231-242 2006</subfield><subfield code="d">2008-11-13 19:00:00 US/Eastern</subfield><subfield code="q">2008-11-14 05:59:00 US/Eastern</subfield><subfield code="y">recap</subfield></datafield><datafield tag="876" ind1=" " ind2=" "><subfield code="0">22482359320006421</subfield><subfield code="j">1</subfield><subfield code="z">pa</subfield><subfield code="p">32101081131458</subfield><subfield code="t">1</subfield><subfield code="a">23482359140006421</subfield><subfield code="3">no.135-146 1998</subfield><subfield code="d">2001-02-26 19:00:00 US/Eastern</subfield><subfield code="q">2001-02-27 05:59:00 US/Eastern</subfield><subfield code="y">recap</subfield></datafield><datafield tag="876" ind1=" " ind2=" "><subfield code="0">22482359320006421</subfield><subfield code="j">1</subfield><subfield code="z">pa</subfield><subfield code="p">32101056638131</subfield><subfield code="t">1</subfield><subfield code="a">23482359230006421</subfield><subfield code="3">no.207-218 2004</subfield><subfield code="d">2006-02-02 19:00:00 US/Eastern</subfield><subfield code="q">2006-02-03 05:59:00 US/Eastern</subfield><subfield code="y">recap</subfield></datafield><datafield tag="876" ind1=" " ind2=" "><subfield code="0">22482359320006421</subfield><subfield code="j">1</subfield><subfield code="z">pa</subfield><subfield code="p">32101056645144</subfield><subfield code="t">1</subfield><subfield code="a">23482359300006421</subfield><subfield code="3">no.21-38 1988-1989</subfield><subfield code="d">2004-11-30 19:00:00 US/Eastern</subfield><subfield code="q">2004-12-01 05:59:00 US/Eastern</subfield><subfield code="y">recap</subfield></datafield><datafield tag="876" ind1=" " ind2=" "><subfield code="0">22482359090006421</subfield><subfield code="j">1</subfield><subfield code="z">cjk</subfield><subfield code="p">32101110382544</subfield><subfield code="a">23919937740006421</subfield><subfield code="3">2019 no. 7-12 </subfield><subfield code="d">2022-03-18 11:36:53 US/Eastern</subfield><subfield code="q">2022-03-18 11:37:13 US/Eastern</subfield><subfield code="y">eastasian</subfield></datafield><datafield tag="876" ind1=" " ind2=" "><subfield code="0">22482359320006421</subfield><subfield code="j">1</subfield><subfield code="z">pa</subfield><subfield code="p">32101056645193</subfield><subfield code="t">1</subfield><subfield code="a">23482359250006421</subfield><subfield code="3">no.87-98 1994</subfield><subfield code="d">2004-11-30 19:00:00 US/Eastern</subfield><subfield code="q">2004-12-01 05:59:00 US/Eastern</subfield><subfield code="y">recap</subfield></datafield><datafield tag="876" ind1=" " ind2=" "><subfield code="0">22482359090006421</subfield><subfield code="j">1</subfield><subfield code="z">cjk</subfield><subfield code="p">32101113926677</subfield><subfield code="a">23993652760006421</subfield><subfield code="3">2021 no. 1-6 </subfield><subfield code="d">2023-10-06 10:28:22 US/Eastern</subfield><subfield code="q">2023-10-06 10:28:44 US/Eastern</subfield><subfield code="y">eastasian</subfield></datafield><datafield tag="876" ind1=" " ind2=" "><subfield code="0">22482359090006421</subfield><subfield code="j">1</subfield><subfield code="z">cjk</subfield><subfield code="p">32101110382528</subfield><subfield code="a">23919937670006421</subfield><subfield code="3">2020 no. 7-12 </subfield><subfield code="d">2022-03-18 11:41:01 US/Eastern</subfield><subfield code="q">2022-03-18 11:41:29 US/Eastern</subfield><subfield code="y">eastasian</subfield></datafield><datafield tag="876" ind1=" " ind2=" "><subfield code="0">22482359090006421</subfield><subfield code="j">1</subfield><subfield code="z">cjk</subfield><subfield code="p">32101114066002</subfield><subfield code="a">231100160940006421</subfield><subfield code="3">2024 no. 7-12 </subfield><subfield code="d">2026-01-13 13:58:23 US/Eastern</subfield><subfield code="q">2026-01-13 13:58:40 US/Eastern</subfield><subfield code="y">eastasian</subfield></datafield></record>