<record><leader>02703cas a2200529 a 4500</leader><controlfield tag="005">20240813101052.0</controlfield><controlfield tag="008">931123c19929999cc br p      s0   e0chi d</controlfield><controlfield tag="001">9931279073506421</controlfield><datafield tag="022" ind1=" " ind2=" "><subfield code="a">1004-6275</subfield></datafield><datafield tag="035" ind1=" " ind2=" "><subfield code="a">(CStRLIN)NJPX93-S208</subfield></datafield><datafield tag="035" ind1=" " ind2=" "><subfield code="a">(NjP)3127907-princetondb</subfield></datafield><datafield tag="035" ind1=" " ind2=" "><subfield code="a">(OCoLC)ocm31538306</subfield></datafield><datafield tag="035" ind1=" " ind2=" "><subfield code="z">(NjP)Voyager3127907</subfield></datafield><datafield tag="040" ind1=" " ind2=" "><subfield code="a">CU</subfield><subfield code="b">eng</subfield><subfield code="c">CU</subfield><subfield code="d">NjP-G</subfield><subfield code="d">CStRLIN</subfield><subfield code="d">NjP-G</subfield></datafield><datafield tag="041" ind1="0" ind2=" "><subfield code="a">chi</subfield><subfield code="b">eng</subfield></datafield><datafield tag="043" ind1=" " ind2=" "><subfield code="a">a-cc---</subfield></datafield><datafield tag="066" ind1=" " ind2=" "><subfield code="c">$1</subfield></datafield><datafield tag="090" ind1=" " ind2=" "><subfield code="a">DS715</subfield><subfield code="b">.N36</subfield><subfield code="i">12/21/01 T</subfield><subfield code="h">10/13/00 T</subfield><subfield code="h">03/13/00 T</subfield><subfield code="h">01/21/99 T</subfield><subfield code="h">01/08/98 T</subfield><subfield code="h">09/08/95 T</subfield><subfield code="h">10/14/94 T</subfield><subfield code="h">10/07/94 T</subfield><subfield code="h">12/22/93 CT</subfield></datafield><datafield tag="245" ind1="0" ind2="0"><subfield code="6">880-01</subfield><subfield code="a">Nan fang wen wu =</subfield><subfield code="b">Cultural relics in southern China.</subfield></datafield><datafield tag="880" ind1="0" ind2="0"><subfield code="6">245-01/$1</subfield><subfield code="a">南方文物 =</subfield><subfield code="b">Cultural relics in southern China.</subfield></datafield><datafield tag="246" ind1="3" ind2="1"><subfield code="a">Cultural relics in southern China</subfield></datafield><datafield tag="246" ind1="3" ind2=" "><subfield code="a">Relics from South</subfield></datafield><datafield tag="246" ind1="3" ind2=" "><subfield code="a">Nanfang wenwu</subfield><subfield code="f">92'1-92'2</subfield></datafield><datafield tag="246" ind1="3" ind2=" "><subfield code="a">Nan fang wenwu</subfield><subfield code="f">92'3-</subfield></datafield><datafield tag="260" ind1=" " ind2=" "><subfield code="6">880-02</subfield><subfield code="a">[Nanchang] :</subfield><subfield code="b">Jiangxi Sheng bo wu guan :</subfield><subfield code="b">Jiangxi Sheng wen wu kao gu yan jiu suo,</subfield><subfield code="c">1992-</subfield></datafield><datafield tag="880" ind1=" " ind2=" "><subfield code="6">260-02/$1</subfield><subfield code="a">[南昌] :</subfield><subfield code="b">江西省博物馆 :</subfield><subfield code="b">江西省文物考古研究所,</subfield><subfield code="c">1992-</subfield></datafield><datafield tag="300" ind1=" " ind2=" "><subfield code="a">v. :</subfield><subfield code="b">ill. ;</subfield><subfield code="c">26 cm.</subfield></datafield><datafield tag="310" ind1=" " ind2=" "><subfield code="a">Bimonthly,</subfield><subfield code="b">2019-</subfield></datafield><datafield tag="321" ind1=" " ind2=" "><subfield code="a">Quarterly,</subfield><subfield code="b">1992-2018</subfield></datafield><datafield tag="362" ind1="0" ind2=" "><subfield code="a">92'1-</subfield></datafield><datafield tag="500" ind1=" " ind2=" "><subfield code="a">Title from cover.</subfield></datafield><datafield tag="546" ind1=" " ind2=" "><subfield code="a">In Chinese; some abstracts in English; table of contents also in English.</subfield></datafield><datafield tag="550" ind1=" " ind2=" "><subfield code="a">Sponsored by: Jiangxi sheng wen hua ting.</subfield></datafield><datafield tag="651" ind1=" " ind2="0"><subfield code="a">China</subfield><subfield code="x">Antiquities</subfield><subfield code="x">Periodicals.</subfield></datafield><datafield tag="710" ind1="1" ind2=" "><subfield code="6">880-03</subfield><subfield code="a">Jiangxi Sheng (China).</subfield><subfield code="b">Wen hua ting.</subfield><subfield code="0">http://id.loc.gov/authorities/names/nr91019965</subfield></datafield><datafield tag="880" ind1="1" ind2=" "><subfield code="6">710-03/$1</subfield><subfield code="a">Jiangxi Sheng (China).</subfield><subfield code="b">文化厅．</subfield></datafield><datafield tag="710" ind1="2" ind2=" "><subfield code="6">880-04</subfield><subfield code="a">Jiangxi Sheng bo wu guan.</subfield><subfield code="0">http://id.loc.gov/authorities/names/nr94024136</subfield></datafield><datafield tag="880" ind1="2" ind2=" "><subfield code="6">710-04/$1</subfield><subfield code="a">江西省博物馆．</subfield></datafield><datafield tag="710" ind1="2" ind2=" "><subfield code="6">880-05</subfield><subfield code="a">Jiangxi Sheng wen wu kao gu yan jiu suo.</subfield><subfield code="0">http://id.loc.gov/authorities/names/nr94024137</subfield></datafield><datafield tag="880" ind1="2" ind2=" "><subfield code="6">710-05/$1</subfield><subfield code="a">江西省文物考古研究所．</subfield></datafield><datafield tag="780" ind1="0" ind2="0"><subfield code="6">880-06</subfield><subfield code="t">Jiangxi wen wu</subfield></datafield><datafield tag="880" ind1="0" ind2="0"><subfield code="6">780-06/$1</subfield><subfield code="t">江西文物</subfield></datafield><datafield tag="914" ind1=" " ind2=" "><subfield code="a">(OCoLC)ocm31538306</subfield><subfield code="b">OCoLC</subfield><subfield code="c">match</subfield><subfield code="d">20221117</subfield><subfield code="e">processed</subfield><subfield code="f">31538306</subfield></datafield><datafield tag="950" ind1=" " ind2=" "><subfield code="l">C</subfield><subfield code="v">No.1 (1992)-28 (1998)</subfield><subfield code="n">#9</subfield><subfield code="n">#50</subfield><subfield code="p">2</subfield><subfield code="h">12/22/93 C |9777:</subfield></datafield><datafield tag="955" ind1=" " ind2=" "><subfield code="l">C</subfield><subfield code="c">1:(no.17-20 1996)</subfield><subfield code="q">CNPITC 8-30-92</subfield><subfield code="r">32101033219500</subfield><subfield code="h">12/22/93 C</subfield></datafield><datafield tag="987" ind1=" " ind2=" "><subfield code="a">PINYIN</subfield><subfield code="b">NjP-G</subfield><subfield code="c">20011221</subfield><subfield code="d">c</subfield></datafield><datafield tag="998" ind1=" " ind2=" "><subfield code="a">12/21/01</subfield><subfield code="t">c</subfield><subfield code="s">9114</subfield><subfield code="n">NjP-G</subfield><subfield code="w">CUBO93S20</subfield><subfield code="d">03/13/00</subfield><subfield code="c">SML</subfield><subfield code="b">CFW</subfield><subfield code="i">011221</subfield><subfield code="h">001013</subfield><subfield code="h">000313</subfield><subfield code="h">990121</subfield><subfield code="h">980108</subfield><subfield code="h">950908</subfield><subfield code="h">941014</subfield><subfield code="h">941007</subfield><subfield code="h">931222</subfield><subfield code="l">NJPX</subfield></datafield><datafield tag="950" ind1=" " ind2=" "><subfield code="c">2026-02-27 04:34:56 US/Eastern</subfield><subfield code="b">2021-07-12 11:44:17 US/Eastern</subfield><subfield code="a">false</subfield></datafield><datafield tag="852" ind1="0" ind2=" "><subfield code="b">recap</subfield><subfield code="c">pa</subfield><subfield code="h">DS715</subfield><subfield code="i">.N36</subfield><subfield code="8">22516845810006421</subfield></datafield><datafield tag="866" ind1=" " ind2="0"><subfield code="a">1992 no. 1-No. 76 (2010)</subfield><subfield code="8">22516845810006421</subfield></datafield><datafield tag="952" ind1=" " ind2=" "><subfield code="d">2024-05-17 18:46:27</subfield><subfield code="8">22516845810006421</subfield><subfield code="a">2021-07-12 15:44:17</subfield><subfield code="b">ReCAP</subfield><subfield code="c">rcppa: RECAP</subfield><subfield code="e">false</subfield></datafield><datafield tag="852" ind1="0" ind2=" "><subfield code="b">eastasian</subfield><subfield code="c">cjk</subfield><subfield code="h">DS715</subfield><subfield code="i">.N36</subfield><subfield code="8">22516846150006421</subfield></datafield><datafield tag="866" ind1=" " ind2="0"><subfield code="a">No. 77 (2011)-no. 108 (2018) ; 2019 no. 1-2025 no. 2</subfield><subfield code="8">22516846150006421</subfield></datafield><datafield tag="866" ind1=" " ind2="0"><subfield code="z">CURRENT ISSUES IN: East Asian Library (Gest)</subfield><subfield code="8">22516846150006421</subfield></datafield><datafield tag="952" ind1=" " ind2=" "><subfield code="d">2026-01-06 16:33:12</subfield><subfield code="8">22516846150006421</subfield><subfield code="a">2021-07-12 15:44:17</subfield><subfield code="b">East Asian Library</subfield><subfield code="c">cjk: East Asian Library</subfield><subfield code="e">false</subfield></datafield><datafield tag="876" ind1=" " ind2=" "><subfield code="0">22516846150006421</subfield><subfield code="j">1</subfield><subfield code="z">cjk</subfield><subfield code="p">32101108251974</subfield><subfield code="t">1</subfield><subfield code="a">23516845860006421</subfield><subfield code="3">2020 no. 1-2</subfield><subfield code="d">2021-04-13 20:00:00 US/Eastern</subfield><subfield code="q">2021-04-14 06:59:00 US/Eastern</subfield><subfield code="y">eastasian</subfield></datafield><datafield tag="876" ind1=" " ind2=" "><subfield code="0">22516846150006421</subfield><subfield code="j">1</subfield><subfield code="z">cjk</subfield><subfield code="p">32101108251982</subfield><subfield code="t">1</subfield><subfield code="a">23516845870006421</subfield><subfield code="3">2019 no. 5-6</subfield><subfield code="d">2021-04-13 20:00:00 US/Eastern</subfield><subfield code="q">2021-04-14 06:59:00 US/Eastern</subfield><subfield code="y">eastasian</subfield></datafield><datafield tag="876" ind1=" " ind2=" "><subfield code="0">22516846150006421</subfield><subfield code="j">1</subfield><subfield code="z">cjk</subfield><subfield code="p">32101080398132</subfield><subfield code="t">1</subfield><subfield code="a">23516846000006421</subfield><subfield code="3">no.87-88 2013</subfield><subfield code="d">2015-02-03 19:00:00 US/Eastern</subfield><subfield code="q">2015-02-04 05:59:00 US/Eastern</subfield><subfield code="y">eastasian</subfield></datafield><datafield tag="876" ind1=" " ind2=" "><subfield code="0">22516846150006421</subfield><subfield code="j">1</subfield><subfield code="z">cjk</subfield><subfield code="p">32101086656871</subfield><subfield code="t">1</subfield><subfield code="a">23516846010006421</subfield><subfield code="3">no.85-86 2013</subfield><subfield code="d">2014-05-06 20:00:00 US/Eastern</subfield><subfield code="q">2014-05-07 06:59:00 US/Eastern</subfield><subfield code="y">eastasian</subfield></datafield><datafield tag="876" ind1=" " ind2=" "><subfield code="0">22516846150006421</subfield><subfield code="j">1</subfield><subfield code="z">cjk</subfield><subfield code="p">32101093523080</subfield><subfield code="t">1</subfield><subfield code="a">23516846020006421</subfield><subfield code="3">no.83-84 2012</subfield><subfield code="d">2013-12-29 19:00:00 US/Eastern</subfield><subfield code="q">2013-12-30 05:59:00 US/Eastern</subfield><subfield code="y">eastasian</subfield></datafield><datafield tag="876" ind1=" " ind2=" "><subfield code="0">22516846150006421</subfield><subfield code="j">1</subfield><subfield code="z">cjk</subfield><subfield code="p">32101110383047</subfield><subfield code="a">23919924560006421</subfield><subfield code="3">2021 no. 1-2 </subfield><subfield code="d">2022-01-05 19:00:00 US/Eastern</subfield><subfield code="q">2022-03-18 15:55:58 US/Eastern</subfield><subfield code="y">eastasian</subfield></datafield><datafield tag="876" ind1=" " ind2=" "><subfield code="0">22516846150006421</subfield><subfield code="j">1</subfield><subfield code="z">cjk</subfield><subfield code="p">32101110383054</subfield><subfield code="a">23919924570006421</subfield><subfield code="3">2020 no. 5-6 </subfield><subfield code="d">2022-03-18 15:54:44 US/Eastern</subfield><subfield code="q">2022-03-18 15:54:58 US/Eastern</subfield><subfield code="y">eastasian</subfield></datafield><datafield tag="876" ind1=" " ind2=" "><subfield code="0">22516846150006421</subfield><subfield code="j">1</subfield><subfield code="z">cjk</subfield><subfield code="a">231095919940006421</subfield><subfield code="3">2025 no. 3 </subfield><subfield code="d">2025-12-18 11:27:17 US/Eastern</subfield><subfield code="q">2025-12-18 11:34:05 US/Eastern</subfield><subfield code="y">eastasian</subfield></datafield><datafield tag="876" ind1=" " ind2=" "><subfield code="0">22516845810006421</subfield><subfield code="j">1</subfield><subfield code="z">pa</subfield><subfield code="p">32101082781921</subfield><subfield code="t">1</subfield><subfield code="a">23516846070006421</subfield><subfield code="3">no.73-76 2010</subfield><subfield code="d">2011-05-11 20:00:00 US/Eastern</subfield><subfield code="q">2011-05-12 20:21:50 US/Eastern</subfield><subfield code="y">recap</subfield></datafield><datafield tag="876" ind1=" " ind2=" "><subfield code="0">22516845810006421</subfield><subfield code="j">1</subfield><subfield code="z">pa</subfield><subfield code="p">32101081136598</subfield><subfield code="t">1</subfield><subfield code="a">23516845800006421</subfield><subfield code="3">no.9-12 1994</subfield><subfield code="d">2000-06-12 20:00:00 US/Eastern</subfield><subfield code="q">2000-06-13 06:59:00 US/Eastern</subfield><subfield code="y">recap</subfield></datafield><datafield tag="876" ind1=" " ind2=" "><subfield code="0">22516845810006421</subfield><subfield code="j">1</subfield><subfield code="z">pa</subfield><subfield code="p">32101082785856</subfield><subfield code="t">1</subfield><subfield code="a">23516846060006421</subfield><subfield code="3">no.69-72 2009</subfield><subfield code="d">2011-05-26 20:00:00 US/Eastern</subfield><subfield code="q">2011-05-27 18:13:56 US/Eastern</subfield><subfield code="y">recap</subfield></datafield><datafield tag="876" ind1=" " ind2=" "><subfield code="0">22516845810006421</subfield><subfield code="j">1</subfield><subfield code="z">pa</subfield><subfield code="p">32101078971981</subfield><subfield code="t">1</subfield><subfield code="a">23516846080006421</subfield><subfield code="3">no.65-68 2008</subfield><subfield code="d">2010-09-14 20:00:00 US/Eastern</subfield><subfield code="q">2010-09-15 18:14:13 US/Eastern</subfield><subfield code="y">recap</subfield></datafield><datafield tag="876" ind1=" " ind2=" "><subfield code="0">22516846150006421</subfield><subfield code="j">1</subfield><subfield code="z">cjk</subfield><subfield code="p">32101090103845</subfield><subfield code="t">1</subfield><subfield code="a">23516846050006421</subfield><subfield code="3">no.77-78 2011</subfield><subfield code="d">2013-08-11 20:00:00 US/Eastern</subfield><subfield code="q">2013-08-12 06:59:00 US/Eastern</subfield><subfield code="y">eastasian</subfield></datafield><datafield tag="876" ind1=" " ind2=" "><subfield code="0">22516846150006421</subfield><subfield code="j">1</subfield><subfield code="z">cjk</subfield><subfield code="p">32101110383062</subfield><subfield code="a">23919924580006421</subfield><subfield code="3">2020 no. 3-4 </subfield><subfield code="d">2021-02-03 19:00:00 US/Eastern</subfield><subfield code="q">2022-03-18 15:53:37 US/Eastern</subfield><subfield code="y">eastasian</subfield></datafield><datafield tag="876" ind1=" " ind2=" "><subfield code="0">22516846150006421</subfield><subfield code="j">1</subfield><subfield code="z">cjk</subfield><subfield code="p">32101090103860</subfield><subfield code="t">1</subfield><subfield code="a">23516846030006421</subfield><subfield code="3">no.81-82 2012</subfield><subfield code="d">2013-08-11 20:00:00 US/Eastern</subfield><subfield code="q">2013-08-12 06:59:00 US/Eastern</subfield><subfield code="y">eastasian</subfield></datafield><datafield tag="876" ind1=" " ind2=" "><subfield code="0">22516845810006421</subfield><subfield code="j">1</subfield><subfield code="z">pa</subfield><subfield code="p">32101063680308</subfield><subfield code="t">1</subfield><subfield code="a">23516845830006421</subfield><subfield code="3">no.53-56 2005</subfield><subfield code="d">2008-04-06 20:00:00 US/Eastern</subfield><subfield code="q">2008-04-07 18:11:46 US/Eastern</subfield><subfield code="y">recap</subfield></datafield><datafield tag="876" ind1=" " ind2=" "><subfield code="0">22516846150006421</subfield><subfield code="j">1</subfield><subfield code="z">cjk</subfield><subfield code="p">32101090103852</subfield><subfield code="t">1</subfield><subfield code="a">23516846040006421</subfield><subfield code="3">no.79-80 2011</subfield><subfield code="d">2013-08-11 20:00:00 US/Eastern</subfield><subfield code="q">2013-08-12 06:59:00 US/Eastern</subfield><subfield code="y">eastasian</subfield></datafield><datafield tag="876" ind1=" " ind2=" "><subfield code="0">22516845810006421</subfield><subfield code="j">1</subfield><subfield code="z">pa</subfield><subfield code="p">32101075349314</subfield><subfield code="t">1</subfield><subfield code="a">23516845820006421</subfield><subfield code="3">no.61-64 2007</subfield><subfield code="d">2010-03-25 20:00:00 US/Eastern</subfield><subfield code="q">2010-03-26 20:20:41 US/Eastern</subfield><subfield code="y">recap</subfield></datafield><datafield tag="876" ind1=" " ind2=" "><subfield code="0">22516845810006421</subfield><subfield code="j">1</subfield><subfield code="z">pa</subfield><subfield code="p">32101063085987</subfield><subfield code="t">1</subfield><subfield code="a">23516846090006421</subfield><subfield code="3">no.57-60 2006</subfield><subfield code="d">2007-10-18 20:00:00 US/Eastern</subfield><subfield code="q">2007-10-19 20:21:30 US/Eastern</subfield><subfield code="y">recap</subfield></datafield><datafield tag="876" ind1=" " ind2=" "><subfield code="0">22516845810006421</subfield><subfield code="j">1</subfield><subfield code="z">pa</subfield><subfield code="p">32101048728628</subfield><subfield code="t">1</subfield><subfield code="a">23516845850006421</subfield><subfield code="3">no.37-40 2001</subfield><subfield code="d">2003-04-07 20:00:00 US/Eastern</subfield><subfield code="q">2003-04-08 18:13:37 US/Eastern</subfield><subfield code="y">recap</subfield></datafield><datafield tag="876" ind1=" " ind2=" "><subfield code="0">22516846150006421</subfield><subfield code="j">1</subfield><subfield code="z">cjk</subfield><subfield code="p">32101108251990</subfield><subfield code="t">1</subfield><subfield code="a">23516845880006421</subfield><subfield code="3">2019 no. 3-4</subfield><subfield code="d">2021-04-13 20:00:00 US/Eastern</subfield><subfield code="q">2021-04-14 06:59:00 US/Eastern</subfield><subfield code="y">eastasian</subfield></datafield><datafield tag="876" ind1=" " ind2=" "><subfield code="0">22516845810006421</subfield><subfield code="j">1</subfield><subfield code="z">pa</subfield><subfield code="p">32101048737603</subfield><subfield code="t">1</subfield><subfield code="a">23516845840006421</subfield><subfield code="3">no.41-44 2002</subfield><subfield code="d">2003-07-17 20:00:00 US/Eastern</subfield><subfield code="q">2003-07-18 18:12:37 US/Eastern</subfield><subfield code="y">recap</subfield></datafield><datafield tag="876" ind1=" " ind2=" "><subfield code="0">22516846150006421</subfield><subfield code="j">1</subfield><subfield code="z">cjk</subfield><subfield code="p">32101108252006</subfield><subfield code="t">1</subfield><subfield code="a">23516845890006421</subfield><subfield code="3">2019 no. 1-2</subfield><subfield code="d">2021-04-13 20:00:00 US/Eastern</subfield><subfield code="q">2021-04-14 06:59:00 US/Eastern</subfield><subfield code="y">eastasian</subfield></datafield><datafield tag="876" ind1=" " ind2=" "><subfield code="0">22516846150006421</subfield><subfield code="j">1</subfield><subfield code="z">cjk</subfield><subfield code="p">32101114087859</subfield><subfield code="a">231002012750006421</subfield><subfield code="3">2023 no. 1-2 </subfield><subfield code="d">2023-11-28 12:54:08 US/Eastern</subfield><subfield code="q">2023-11-28 12:54:21 US/Eastern</subfield><subfield code="y">eastasian</subfield></datafield><datafield tag="876" ind1=" " ind2=" "><subfield code="0">22516846150006421</subfield><subfield code="j">1</subfield><subfield code="z">cjk</subfield><subfield code="p">32101117978880</subfield><subfield code="a">23972190250006421</subfield><subfield code="3">2021 no. 5-6 </subfield><subfield code="d">2023-05-11 15:33:37 US/Eastern</subfield><subfield code="q">2023-05-11 15:33:50 US/Eastern</subfield><subfield code="y">eastasian</subfield></datafield><datafield tag="876" ind1=" " ind2=" "><subfield code="0">22516846150006421</subfield><subfield code="j">1</subfield><subfield code="z">cjk</subfield><subfield code="p">32101117978898</subfield><subfield code="a">23972190300006421</subfield><subfield code="3">2021 no. 3-4 </subfield><subfield code="d">2022-12-27 19:00:00 US/Eastern</subfield><subfield code="q">2023-05-11 15:33:13 US/Eastern</subfield><subfield code="y">eastasian</subfield></datafield><datafield tag="876" ind1=" " ind2=" "><subfield code="0">22516846150006421</subfield><subfield code="j">0</subfield><subfield code="x">TRANSIT</subfield><subfield code="z">cjk</subfield><subfield code="p">32101114065756</subfield><subfield code="a">231097018340006421</subfield><subfield code="3">2024 no. 5-6 </subfield><subfield code="d">2026-01-06 11:35:39 US/Eastern</subfield><subfield code="q">2026-01-06 11:35:50 US/Eastern</subfield><subfield code="y">eastasian</subfield></datafield><datafield tag="876" ind1=" " ind2=" "><subfield code="0">22516846150006421</subfield><subfield code="j">1</subfield><subfield code="z">cjk</subfield><subfield code="p">32101113926925</subfield><subfield code="a">23993751190006421</subfield><subfield code="3">2022 no. 3-4 </subfield><subfield code="d">2023-10-06 14:04:04 US/Eastern</subfield><subfield code="q">2023-10-06 14:04:19 US/Eastern</subfield><subfield code="y">eastasian</subfield></datafield><datafield tag="876" ind1=" " ind2=" "><subfield code="0">22516845810006421</subfield><subfield code="j">1</subfield><subfield code="z">pa</subfield><subfield code="p">32101081136630</subfield><subfield code="t">1</subfield><subfield code="a">23516845780006421</subfield><subfield code="3">no.25-28 1998</subfield><subfield code="d">2000-06-12 20:00:00 US/Eastern</subfield><subfield code="q">2000-06-13 06:59:00 US/Eastern</subfield><subfield code="y">recap</subfield></datafield><datafield tag="876" ind1=" " ind2=" "><subfield code="0">22516846150006421</subfield><subfield code="j">1</subfield><subfield code="z">cjk</subfield><subfield code="p">32101113444358</subfield><subfield code="t">1</subfield><subfield code="a">23516845950006421</subfield><subfield code="3">no.97-98 2016</subfield><subfield code="d">2019-10-21 20:00:00 US/Eastern</subfield><subfield code="q">2019-10-22 06:59:00 US/Eastern</subfield><subfield code="y">eastasian</subfield></datafield><datafield tag="876" ind1=" " ind2=" "><subfield code="0">22516846150006421</subfield><subfield code="j">1</subfield><subfield code="z">cjk</subfield><subfield code="p">32101113444341</subfield><subfield code="t">1</subfield><subfield code="a">23516845940006421</subfield><subfield code="3">no.99-100 2016</subfield><subfield code="d">2019-10-21 20:00:00 US/Eastern</subfield><subfield code="q">2019-10-22 06:59:00 US/Eastern</subfield><subfield code="y">eastasian</subfield></datafield><datafield tag="876" ind1=" " ind2=" "><subfield code="0">22516846150006421</subfield><subfield code="j">1</subfield><subfield code="z">cjk</subfield><subfield code="p">32101113444366</subfield><subfield code="t">1</subfield><subfield code="a">23516845960006421</subfield><subfield code="3">no.95-96 2015</subfield><subfield code="d">2019-10-21 20:00:00 US/Eastern</subfield><subfield code="q">2019-10-22 06:59:00 US/Eastern</subfield><subfield code="y">eastasian</subfield></datafield><datafield tag="876" ind1=" " ind2=" "><subfield code="0">22516845810006421</subfield><subfield code="j">1</subfield><subfield code="z">pa</subfield><subfield code="p">32101081136622</subfield><subfield code="t">1</subfield><subfield code="a">23516845760006421</subfield><subfield code="3">no.21-24 1997</subfield><subfield code="d">2001-02-26 19:00:00 US/Eastern</subfield><subfield code="q">2001-02-27 05:59:00 US/Eastern</subfield><subfield code="y">recap</subfield></datafield><datafield tag="876" ind1=" " ind2=" "><subfield code="0">22516845810006421</subfield><subfield code="j">1</subfield><subfield code="z">pa</subfield><subfield code="p">32101081136572</subfield><subfield code="t">1</subfield><subfield code="a">23516845750006421</subfield><subfield code="3">1992</subfield><subfield code="d">2000-10-15 20:00:00 US/Eastern</subfield><subfield code="q">2000-10-16 06:59:00 US/Eastern</subfield><subfield code="y">recap</subfield></datafield><datafield tag="876" ind1=" " ind2=" "><subfield code="0">22516845810006421</subfield><subfield code="j">1</subfield><subfield code="z">pa</subfield><subfield code="p">32101081136614</subfield><subfield code="t">1</subfield><subfield code="a">23516845790006421</subfield><subfield code="3">no.17-20 1996</subfield><subfield code="d">2000-06-12 20:00:00 US/Eastern</subfield><subfield code="q">2000-06-13 06:59:00 US/Eastern</subfield><subfield code="y">recap</subfield></datafield><datafield tag="876" ind1=" " ind2=" "><subfield code="0">22516845810006421</subfield><subfield code="j">1</subfield><subfield code="z">pa</subfield><subfield code="p">32101081136606</subfield><subfield code="t">1</subfield><subfield code="a">23516845770006421</subfield><subfield code="3">no.13-16 1995</subfield><subfield code="d">2000-10-12 20:00:00 US/Eastern</subfield><subfield code="q">2000-10-13 06:59:00 US/Eastern</subfield><subfield code="y">recap</subfield></datafield><datafield tag="876" ind1=" " ind2=" "><subfield code="0">22516846150006421</subfield><subfield code="j">1</subfield><subfield code="z">cjk</subfield><subfield code="p">32101115423442</subfield><subfield code="a">231019268750006421</subfield><subfield code="3">2023 no. 5-6 </subfield><subfield code="d">2024-05-17 14:46:57 US/Eastern</subfield><subfield code="q">2024-07-31 10:01:41 US/Eastern</subfield><subfield code="y">eastasian</subfield></datafield><datafield tag="876" ind1=" " ind2=" "><subfield code="0">22516846150006421</subfield><subfield code="j">1</subfield><subfield code="z">cjk</subfield><subfield code="p">32101115484253</subfield><subfield code="a">231010754670006421</subfield><subfield code="3">2023 no. 3-4 </subfield><subfield code="d">2024-02-20 14:26:53 US/Eastern</subfield><subfield code="q">2024-03-07 13:37:10 US/Eastern</subfield><subfield code="y">eastasian</subfield></datafield><datafield tag="876" ind1=" " ind2=" "><subfield code="0">22516845810006421</subfield><subfield code="j">1</subfield><subfield code="z">pa</subfield><subfield code="p">32101081136648</subfield><subfield code="t">1</subfield><subfield code="a">23516845720006421</subfield><subfield code="3">no.29-32 1999</subfield><subfield code="d">2001-10-22 20:00:00 US/Eastern</subfield><subfield code="q">2001-10-23 06:59:00 US/Eastern</subfield><subfield code="y">recap</subfield></datafield><datafield tag="876" ind1=" " ind2=" "><subfield code="0">22516845810006421</subfield><subfield code="j">1</subfield><subfield code="z">pa</subfield><subfield code="p">32101081136655</subfield><subfield code="t">1</subfield><subfield code="a">23516845730006421</subfield><subfield code="3">no.33-36 2000</subfield><subfield code="d">2001-10-22 20:00:00 US/Eastern</subfield><subfield code="q">2001-10-23 06:59:00 US/Eastern</subfield><subfield code="y">recap</subfield></datafield><datafield tag="876" ind1=" " ind2=" "><subfield code="0">22516845810006421</subfield><subfield code="j">1</subfield><subfield code="z">pa</subfield><subfield code="p">32101081136580</subfield><subfield code="t">1</subfield><subfield code="a">23516845740006421</subfield><subfield code="3">1993</subfield><subfield code="d">2000-10-15 20:00:00 US/Eastern</subfield><subfield code="q">2000-10-16 06:59:00 US/Eastern</subfield><subfield code="y">recap</subfield></datafield><datafield tag="876" ind1=" " ind2=" "><subfield code="0">22516846150006421</subfield><subfield code="j">1</subfield><subfield code="z">cjk</subfield><subfield code="p">32101113444317</subfield><subfield code="t">1</subfield><subfield code="a">23516845910006421</subfield><subfield code="3">no.105-106 2018</subfield><subfield code="d">2019-10-21 20:00:00 US/Eastern</subfield><subfield code="q">2019-10-22 06:59:00 US/Eastern</subfield><subfield code="y">eastasian</subfield></datafield><datafield tag="876" ind1=" " ind2=" "><subfield code="0">22516846150006421</subfield><subfield code="j">1</subfield><subfield code="z">cjk</subfield><subfield code="p">32101113444309</subfield><subfield code="t">1</subfield><subfield code="a">23516845900006421</subfield><subfield code="3">no.107-108 2018</subfield><subfield code="d">2019-10-21 20:00:00 US/Eastern</subfield><subfield code="q">2019-10-22 06:59:00 US/Eastern</subfield><subfield code="y">eastasian</subfield></datafield><datafield tag="876" ind1=" " ind2=" "><subfield code="0">22516846150006421</subfield><subfield code="j">1</subfield><subfield code="z">cjk</subfield><subfield code="p">32101113444325</subfield><subfield code="t">1</subfield><subfield code="a">23516845920006421</subfield><subfield code="3">no.103-104 2017</subfield><subfield code="d">2019-10-21 20:00:00 US/Eastern</subfield><subfield code="q">2019-10-22 06:59:00 US/Eastern</subfield><subfield code="y">eastasian</subfield></datafield><datafield tag="876" ind1=" " ind2=" "><subfield code="0">22516846150006421</subfield><subfield code="j">1</subfield><subfield code="z">cjk</subfield><subfield code="p">32101099681585</subfield><subfield code="t">1</subfield><subfield code="a">23516845970006421</subfield><subfield code="3">no.93-94 2015</subfield><subfield code="d">2016-06-26 20:00:00 US/Eastern</subfield><subfield code="q">2016-06-27 06:59:00 US/Eastern</subfield><subfield code="y">eastasian</subfield></datafield><datafield tag="876" ind1=" " ind2=" "><subfield code="0">22516846150006421</subfield><subfield code="j">1</subfield><subfield code="z">cjk</subfield><subfield code="p">32101081427369</subfield><subfield code="t">1</subfield><subfield code="a">23516845980006421</subfield><subfield code="3">no.91-92 2014</subfield><subfield code="d">2015-08-02 20:00:00 US/Eastern</subfield><subfield code="q">2015-08-03 06:59:00 US/Eastern</subfield><subfield code="y">eastasian</subfield></datafield><datafield tag="876" ind1=" " ind2=" "><subfield code="0">22516846150006421</subfield><subfield code="j">1</subfield><subfield code="z">cjk</subfield><subfield code="p">32101081426445</subfield><subfield code="t">1</subfield><subfield code="a">23516845990006421</subfield><subfield code="3">no.89-90 2013</subfield><subfield code="d">2015-05-21 20:00:00 US/Eastern</subfield><subfield code="q">2015-05-22 06:59:00 US/Eastern</subfield><subfield code="y">eastasian</subfield></datafield><datafield tag="876" ind1=" " ind2=" "><subfield code="0">22516845810006421</subfield><subfield code="j">1</subfield><subfield code="z">pa</subfield><subfield code="p">32101056634411</subfield><subfield code="t">1</subfield><subfield code="a">23516846100006421</subfield><subfield code="3">no.49-52 2004</subfield><subfield code="d">2005-11-21 19:00:00 US/Eastern</subfield><subfield code="q">2005-11-22 18:12:03 US/Eastern</subfield><subfield code="y">recap</subfield></datafield><datafield tag="876" ind1=" " ind2=" "><subfield code="0">22516846150006421</subfield><subfield code="j">1</subfield><subfield code="z">cjk</subfield><subfield code="p">32101113444333</subfield><subfield code="t">1</subfield><subfield code="a">23516845930006421</subfield><subfield code="3">no.101-102 2017</subfield><subfield code="d">2019-10-21 20:00:00 US/Eastern</subfield><subfield code="q">2019-10-22 06:59:00 US/Eastern</subfield><subfield code="y">eastasian</subfield></datafield><datafield tag="876" ind1=" " ind2=" "><subfield code="0">22516846150006421</subfield><subfield code="j">1</subfield><subfield code="z">cjk</subfield><subfield code="p">32101115425686</subfield><subfield code="a">231025237710006421</subfield><subfield code="3">2024 no. 1-2 </subfield><subfield code="d">2024-08-13 14:10:03 US/Eastern</subfield><subfield code="q">2024-09-10 13:34:40 US/Eastern</subfield><subfield code="y">eastasian</subfield></datafield><datafield tag="876" ind1=" " ind2=" "><subfield code="0">22516845810006421</subfield><subfield code="j">1</subfield><subfield code="z">pa</subfield><subfield code="p">32101056663717</subfield><subfield code="t">1</subfield><subfield code="a">23516846110006421</subfield><subfield code="3">no.45-48 2003</subfield><subfield code="d">2004-09-19 20:00:00 US/Eastern</subfield><subfield code="q">2004-09-20 18:12:21 US/Eastern</subfield><subfield code="y">recap</subfield></datafield><datafield tag="876" ind1=" " ind2=" "><subfield code="0">22516846150006421</subfield><subfield code="j">1</subfield><subfield code="z">cjk</subfield><subfield code="p">32101117978872</subfield><subfield code="a">23972190240006421</subfield><subfield code="3">2022 no. 1-2 </subfield><subfield code="d">2023-05-11 15:34:15 US/Eastern</subfield><subfield code="q">2023-05-11 15:34:26 US/Eastern</subfield><subfield code="y">eastasian</subfield></datafield><datafield tag="876" ind1=" " ind2=" "><subfield code="0">22516846150006421</subfield><subfield code="j">1</subfield><subfield code="z">cjk</subfield><subfield code="p">32101114064684</subfield><subfield code="a">231091245900006421</subfield><subfield code="3">2024 no. 3-4 </subfield><subfield code="d">2025-10-28 14:15:47 US/Eastern</subfield><subfield code="q">2025-10-28 15:32:28 US/Eastern</subfield><subfield code="y">eastasian</subfield></datafield><datafield tag="876" ind1=" " ind2=" "><subfield code="0">22516846150006421</subfield><subfield code="j">0</subfield><subfield code="x">TRANSIT</subfield><subfield code="z">cjk</subfield><subfield code="p">32101114065764</subfield><subfield code="a">231097018350006421</subfield><subfield code="3">2025 no. 1-2 </subfield><subfield code="d">2026-01-06 11:34:20 US/Eastern</subfield><subfield code="q">2026-01-06 11:34:39 US/Eastern</subfield><subfield code="y">eastasian</subfield></datafield><datafield tag="876" ind1=" " ind2=" "><subfield code="0">22516846150006421</subfield><subfield code="j">1</subfield><subfield code="z">cjk</subfield><subfield code="p">32101113926917</subfield><subfield code="a">23993751180006421</subfield><subfield code="3">2022 no. 5-6 </subfield><subfield code="d">2023-10-06 14:05:30 US/Eastern</subfield><subfield code="q">2023-10-06 14:05:43 US/Eastern</subfield><subfield code="y">eastasian</subfield></datafield></record>