<record><leader>02063cam a22003133i 4500</leader><controlfield tag="005">20240502081047.0</controlfield><controlfield tag="008">150422s2016    njua     b    001 0 eng d</controlfield><controlfield tag="001">9992886363506421</controlfield><datafield tag="010" ind1=" " ind2=" "><subfield code="a">  2015948828</subfield></datafield><datafield tag="020" ind1=" " ind2=" "><subfield code="a">9780691164182</subfield></datafield><datafield tag="020" ind1=" " ind2=" "><subfield code="a">0691164185</subfield></datafield><datafield tag="035" ind1=" " ind2=" "><subfield code="a">(NjP)9288636-princetondb</subfield></datafield><datafield tag="035" ind1=" " ind2=" "><subfield code="z">(NjP)Voyager9288636</subfield></datafield><datafield tag="035" ind1=" " ind2=" "><subfield code="a">(OCoLC)ocn908084083</subfield></datafield><datafield tag="040" ind1=" " ind2=" "><subfield code="a">BTCTA</subfield><subfield code="b">eng</subfield><subfield code="e">rda</subfield><subfield code="c">BTCTA</subfield><subfield code="d">BDX</subfield><subfield code="d">ERASA</subfield><subfield code="d">AMH</subfield><subfield code="d">YDXCP</subfield><subfield code="d">NjP</subfield></datafield><datafield tag="050" ind1=" " ind2="4"><subfield code="a">BP161.3</subfield><subfield code="b">.A375 2016</subfield></datafield><datafield tag="100" ind1="1" ind2=" "><subfield code="a">Ahmed, Shahab,</subfield><subfield code="e">author.</subfield></datafield><datafield tag="245" ind1="1" ind2="0"><subfield code="a">What is Islam? :</subfield><subfield code="b">the importance of being Islamic /</subfield><subfield code="c">Shahab Ahmed.</subfield></datafield><datafield tag="264" ind1=" " ind2="1"><subfield code="a">Princeton :</subfield><subfield code="b">Princeton University Press,</subfield><subfield code="c">2016.</subfield></datafield><datafield tag="300" ind1=" " ind2=" "><subfield code="a">xvii, 609 pages :</subfield><subfield code="b">illustrations ;</subfield><subfield code="c">24 cm</subfield></datafield><datafield tag="336" ind1=" " ind2=" "><subfield code="a">text</subfield><subfield code="b">txt</subfield><subfield code="2">rdacontent</subfield></datafield><datafield tag="337" ind1=" " ind2=" "><subfield code="a">unmediated</subfield><subfield code="b">n</subfield><subfield code="2">rdamedia</subfield></datafield><datafield tag="338" ind1=" " ind2=" "><subfield code="a">volume</subfield><subfield code="b">nc</subfield><subfield code="2">rdacarrier</subfield></datafield><datafield tag="504" ind1=" " ind2=" "><subfield code="a">Includes bibliographical references and index.</subfield></datafield><datafield tag="505" ind1="0" ind2="0"><subfield code="g">Part one.</subfield><subfield code="t">Questions.</subfield><subfield code="t">What is Islam? ;</subfield><subfield code="g">Chapter 1.</subfield><subfield code="t">Six questions about Islam --</subfield><subfield code="g">Part two.</subfield><subfield code="t">Conceptualizations.</subfield><subfield code="g">Chapter 2.</subfield><subfield code="t">Islam as law, islams-not-Islam, Islamic and Islamicate, religion and culture, culture and civilization ;</subfield><subfield code="g">Chapter 3.</subfield><subfield code="t">Religion and secular, sacred and profane, theocentric and anthropocentric, total social fact, family resemblance ;</subfield><subfield code="g">Chapter 4.</subfield><subfield code="t">Culture, meaning, symbol system, core and nucleus, whatever-Muslims-say-it-is, discursive tradition, orthodoxy, process --</subfield><subfield code="g">Part three.</subfield><subfield code="t">Re-conceptualizations.</subfield><subfield code="g">Chapter 5.</subfield><subfield code="t">Hermeneutical engagement, pre-text, text, and con-text, meaning-making for the self, spatiality of revelation, hierarchy, exteriority-interiority, public and private, language and vocabulary, ambivalence and ambiguity, metaphor and paradox ;</subfield><subfield code="g">Chapter 6.</subfield><subfield code="t">Applications and implications : coherent contradiction, exploration, diffusion, form and meaning, modern ;</subfield><subfield code="t">The importance of being Islamic.</subfield></datafield><datafield tag="650" ind1=" " ind2="0"><subfield code="a">Islam.</subfield><subfield code="0">http://id.loc.gov/authorities/subjects/sh85068390</subfield></datafield><datafield tag="902" ind1=" " ind2=" "><subfield code="a">dws</subfield><subfield code="b">m</subfield><subfield code="6">a</subfield><subfield code="7">m</subfield><subfield code="d">v</subfield><subfield code="f">1</subfield><subfield code="e">20151130</subfield></datafield><datafield tag="904" ind1=" " ind2=" "><subfield code="a">msw</subfield><subfield code="b">g</subfield><subfield code="h">m</subfield><subfield code="c">b</subfield><subfield code="e">20151125</subfield></datafield><datafield tag="914" ind1=" " ind2=" "><subfield code="a">(OCoLC)ocn908084083</subfield><subfield code="b">OCoLC</subfield><subfield code="c">match</subfield><subfield code="d">20240501</subfield><subfield code="e">processed</subfield><subfield code="f">908084083</subfield></datafield><datafield tag="950" ind1=" " ind2=" "><subfield code="c">2024-05-02 08:10:47 US/Eastern</subfield><subfield code="b">2021-07-13 00:32:54 US/Eastern</subfield><subfield code="a">false</subfield></datafield><datafield tag="852" ind1="0" ind2="0"><subfield code="b">firestone</subfield><subfield code="c">stacks</subfield><subfield code="h">BP161.3</subfield><subfield code="i">.A375 2016</subfield><subfield code="8">22655915370006421</subfield></datafield><datafield tag="952" ind1=" " ind2=" "><subfield code="a">2021-07-13 04:32:54</subfield><subfield code="8">22655915370006421</subfield><subfield code="b">Firestone Library</subfield><subfield code="c">stacks: Firestone Library</subfield><subfield code="e">false</subfield></datafield><datafield tag="852" ind1="0" ind2=" "><subfield code="b">annex</subfield><subfield code="c">reserve</subfield><subfield code="h">BP161.3</subfield><subfield code="i">.A375 2016</subfield><subfield code="8">22655915350006421</subfield></datafield><datafield tag="952" ind1=" " ind2=" "><subfield code="a">2021-07-13 04:32:54</subfield><subfield code="8">22655915350006421</subfield><subfield code="b">Forrestal Annex</subfield><subfield code="c">reserve: Annex Reserve</subfield><subfield code="e">false</subfield></datafield><datafield tag="876" ind1=" " ind2=" "><subfield code="0">22655915370006421</subfield><subfield code="j">0</subfield><subfield code="x">LOAN</subfield><subfield code="z">stacks</subfield><subfield code="p">32101095442123</subfield><subfield code="t">1</subfield><subfield code="a">23655915360006421</subfield><subfield code="d">2015-11-24 19:00:00 US/Eastern</subfield><subfield code="q">2015-11-25 05:59:00 US/Eastern</subfield><subfield code="y">firestone</subfield></datafield><datafield tag="876" ind1=" " ind2=" "><subfield code="0">22655915350006421</subfield><subfield code="j">0</subfield><subfield code="x">LOAN</subfield><subfield code="z">reserve</subfield><subfield code="p">32101101291118</subfield><subfield code="t">50</subfield><subfield code="a">23655915340006421</subfield><subfield code="d">2017-08-30 20:00:00 US/Eastern</subfield><subfield code="q">2017-08-31 06:59:00 US/Eastern</subfield><subfield code="y">annex</subfield></datafield></record>