<record><leader>01298cam a2200349 a 4500</leader><controlfield tag="005">20240812122131.0</controlfield><controlfield tag="008">821116s1982    nyu      b    001 0 eng  </controlfield><controlfield tag="001">991049033506421</controlfield><datafield tag="010" ind1=" " ind2=" "><subfield code="a">   81022448 </subfield></datafield><datafield tag="020" ind1=" " ind2=" "><subfield code="a">0195031199</subfield></datafield><datafield tag="035" ind1=" " ind2=" "><subfield code="a">(CStRLIN)NJPG82-B46744</subfield></datafield><datafield tag="035" ind1=" " ind2=" "><subfield code="9">AAR9588TS</subfield></datafield><datafield tag="035" ind1=" " ind2=" "><subfield code="a">(NjP)104903-princetondb</subfield></datafield><datafield tag="035" ind1=" " ind2=" "><subfield code="a">(OCoLC)ocm08114326</subfield></datafield><datafield tag="035" ind1=" " ind2=" "><subfield code="z">(NjP)Voyager104903</subfield></datafield><datafield tag="039" ind1="0" ind2=" "><subfield code="a">2</subfield><subfield code="b">3</subfield><subfield code="c">3</subfield><subfield code="d">3</subfield><subfield code="e">3</subfield></datafield><datafield tag="040" ind1=" " ind2=" "><subfield code="b">eng</subfield><subfield code="c">NjP</subfield></datafield><datafield tag="043" ind1=" " ind2=" "><subfield code="a">n-usu--</subfield></datafield><datafield tag="050" ind1="0" ind2=" "><subfield code="a">F209</subfield><subfield code="b">.W9 1982</subfield></datafield><datafield tag="082" ind1="0" ind2=" "><subfield code="a">975</subfield><subfield code="2">19</subfield></datafield><datafield tag="100" ind1="1" ind2=" "><subfield code="a">Wyatt-Brown, Bertram,</subfield><subfield code="d">1932-2012.</subfield><subfield code="0">http://id.loc.gov/authorities/names/n81147062</subfield></datafield><datafield tag="245" ind1="1" ind2="0"><subfield code="a">Southern honor :</subfield><subfield code="b">ethics and behavior in the old South /</subfield><subfield code="c">Bertram Wyatt-Brown.</subfield></datafield><datafield tag="260" ind1=" " ind2=" "><subfield code="a">New York :</subfield><subfield code="b">Oxford University Press,</subfield><subfield code="c">1982.</subfield></datafield><datafield tag="300" ind1=" " ind2=" "><subfield code="a">xxiv, 597 p. ;</subfield><subfield code="c">23 cm.</subfield></datafield><datafield tag="504" ind1=" " ind2=" "><subfield code="a">Includes bibliographical references and index.</subfield></datafield><datafield tag="651" ind1=" " ind2="0"><subfield code="a">Southern States</subfield><subfield code="x">Civilization.</subfield><subfield code="0">http://id.loc.gov/authorities/subjects/sh85125635</subfield></datafield><datafield tag="651" ind1=" " ind2="0"><subfield code="a">Southern States</subfield><subfield code="x">Moral conditions.</subfield></datafield><datafield tag="650" ind1=" " ind2="0"><subfield code="a">Honor.</subfield><subfield code="0">http://id.loc.gov/authorities/subjects/sh85061884</subfield></datafield><datafield tag="911" ind1=" " ind2=" "><subfield code="a">19921028</subfield></datafield><datafield tag="912" ind1=" " ind2=" "><subfield code="a">19900821000000.0</subfield></datafield><datafield tag="914" ind1=" " ind2=" "><subfield code="a">(OCoLC)ocm08114326</subfield><subfield code="b">OCoLC</subfield><subfield code="c">match</subfield><subfield code="d">20221117</subfield><subfield code="e">processed</subfield><subfield code="f">8114326</subfield></datafield><datafield tag="998" ind1=" " ind2=" "><subfield code="a">01/17/83</subfield><subfield code="s">9110</subfield><subfield code="n">NjP</subfield><subfield code="w">PAUG82B19950</subfield><subfield code="d">11/16/82</subfield><subfield code="c">RCB</subfield><subfield code="b">CS</subfield><subfield code="i">830117</subfield><subfield code="l">NJPG</subfield></datafield><datafield tag="950" ind1=" " ind2=" "><subfield code="c">2024-08-12 12:21:31 US/Eastern</subfield><subfield code="b">2021-07-12 22:20:10 US/Eastern</subfield><subfield code="a">false</subfield></datafield><datafield tag="852" ind1="0" ind2="0"><subfield code="b">firestone</subfield><subfield code="c">stacks</subfield><subfield code="h">F209</subfield><subfield code="i">.W9 1982</subfield><subfield code="8">22631960280006421</subfield></datafield><datafield tag="952" ind1=" " ind2=" "><subfield code="a">2021-07-13 02:20:10</subfield><subfield code="8">22631960280006421</subfield><subfield code="b">Firestone Library</subfield><subfield code="c">stacks: Firestone Library</subfield><subfield code="e">false</subfield></datafield><datafield tag="876" ind1=" " ind2=" "><subfield code="0">22631960280006421</subfield><subfield code="j">0</subfield><subfield code="x">LOAN</subfield><subfield code="z">stacks</subfield><subfield code="p">32101000999217</subfield><subfield code="t">1</subfield><subfield code="a">23631960270006421</subfield><subfield code="d">2000-06-12 20:00:00 US/Eastern</subfield><subfield code="q">2000-06-13 06:59:00 US/Eastern</subfield><subfield code="y">firestone</subfield></datafield></record>