<record><leader>00492nam a2200145 i 4500</leader><controlfield tag="005">20240826153914.0</controlfield><controlfield tag="008">000000|||||||||vp |||||||||||||||||mul||</controlfield><controlfield tag="001">99124967053506421</controlfield><datafield tag="035" ind1=" " ind2=" "><subfield code="z">(NjP)Voyager12496705</subfield></datafield><datafield tag="245" ind1="0" ind2="0"><subfield code="a">Multi-title collection including The Reformation and the origin of the Church of the Huguenots and 4 other(s).</subfield></datafield><datafield tag="774" ind1="0" ind2=" "><subfield code="w">9923443973506421</subfield></datafield><datafield tag="774" ind1="0" ind2=" "><subfield code="w">9923441383506421</subfield></datafield><datafield tag="774" ind1="0" ind2=" "><subfield code="w">9923718673506421</subfield></datafield><datafield tag="774" ind1="0" ind2=" "><subfield code="w">9923626723506421</subfield></datafield><datafield tag="774" ind1="0" ind2=" "><subfield code="w">9923032263506421</subfield></datafield><datafield tag="950" ind1=" " ind2=" "><subfield code="c">2024-11-11 18:27:00 US/Eastern</subfield><subfield code="b">2021-07-12 17:08:31 US/Eastern</subfield><subfield code="a">false</subfield></datafield><datafield tag="852" ind1="0" ind2="0"><subfield code="b">firestone</subfield><subfield code="c">stacks</subfield><subfield code="h">E173</subfield><subfield code="i">.S354 v.1</subfield><subfield code="8">22575506410006421</subfield></datafield><datafield tag="952" ind1=" " ind2=" "><subfield code="a">2021-07-12 21:08:31</subfield><subfield code="8">22575506410006421</subfield><subfield code="b">Firestone Library</subfield><subfield code="c">stacks: Firestone Library</subfield><subfield code="e">false</subfield></datafield><datafield tag="876" ind1=" " ind2=" "><subfield code="0">22575506410006421</subfield><subfield code="j">0</subfield><subfield code="x">LOAN</subfield><subfield code="z">stacks</subfield><subfield code="p">32101046800130</subfield><subfield code="t">1</subfield><subfield code="a">23575506400006421</subfield><subfield code="d">2005-10-02 20:00:00 US/Eastern</subfield><subfield code="q">2005-10-03 06:59:00 US/Eastern</subfield><subfield code="y">firestone</subfield></datafield></record></collection>